{
  "UBER": {
    "ticker": "UBER",
    "company_type": "growth_profitable",
    "financial_metrics": {
      "market_cap": 170399547392,
      "sector": "Technology",
      "industry": "Software - Application",
      "fund_family": "",
      "category": "",
      "quote_type": "EQUITY",
      "long_name": "Uber Technologies, Inc.",
      "business_summary": "Uber Technologies, Inc. develops and operates proprietary technology applications in the United States, Canada, Latin America, Europe, the Middle East, Africa, and the Asia Pacific. It operates through three segments: Mobility, Delivery, and Freight. The Mobility segment connects consumers with a range of transportation modalities, such as ridesharing, carsharing, micromobility, rentals, public transit, taxis, and other modalities; and offers riders in a variety of vehicle types, as well as financial partnerships products and advertising services. The Delivery segment allows consumers to search for and discover restaurants to grocery, alcohol, convenience, and other retails, as well as order a meal or other items, and either pick-up at the restaurant or have it delivered; and provides Uber direct, a white-label delivery-as-a-service for retailers and restaurants, as well as advertising services. The Freight segment manages transportation and logistics network, which connects shippers and carriers in digital marketplace, including carriers upfronts, pricing, and shipment booking; and offers on-demand platform to automate logistics end-to-end transactions for small-and medium-sized business to global enterprises. The company was formerly known as Ubercab, Inc. and changed its name to Uber Technologies, Inc. in February 2011. Uber Technologies, Inc. was founded in 2009 and is headquartered in San Francisco, California.",
      "enterprise_value": 175054520320,
      "ev_ebitda_multiple": 33.085,
      "total_revenue": 49609998336,
      "net_income": 16640000000,
      "current_revenue": "$49,609,998,336.00",
      "yearly_revenue_growth": 0.204,
      "quarterly_revenue_growth": 0,
      "calculated_annual_growth": 17.963573938467317,
      "calculated_quarterly_growth": 6.450082997391511,
      "revenue_data_statements": {
        "quarterly_income_stmt": {
          "2025-09-30 00:00:00": {
            "Tax Effect Of Unusual Items": 301560000.0,
            "Tax Rate For Calcs": 0.21,
            "Normalized EBITDA": 1491000000.0,
            "Total Unusual Items": 1436000000.0,
            "Total Unusual Items Excluding Goodwill": 1436000000.0,
            "Net Income From Continuing Operation Net Minority Interest": 6626000000.0,
            "Reconciled Depreciation": 195000000.0,
            "Reconciled Cost Of Revenue": 8102000000.0,
            "EBITDA": 2927000000.0,
            "EBIT": 2732000000.0,
            "Net Interest Income": 81000000.0,
            "Interest Expense": 112000000.0,
            "Interest Income": 193000000.0,
            "Normalized Income": 5491560000.0,
            "Net Income From Continuing And Discontinued Operation": 6626000000.0,
            "Total Expenses": 12354000000.0,
            "Total Operating Income As Reported": 1113000000.0,
            "Diluted Average Shares": 2124391000.0,
            "Basic Average Shares": 2084180000.0,
            "Diluted EPS": 3.11,
            "Basic EPS": 3.18,
            "Diluted NI Availto Com Stockholders": 6613000000.0,
            "Average Dilution Earnings": -13000000.0,
            "Net Income Common Stockholders": 6626000000.0,
            "Net Income": 6626000000.0,
            "Minority Interests": -26000000.0,
            "Net Income Including Noncontrolling Interests": 6652000000.0,
            "Net Income Continuous Operations": 6652000000.0,
            "Earnings From Equity Interest Net Of Tax": -14000000.0,
            "Tax Provision": -4046000000.0,
            "Pretax Income": 2620000000.0,
            "Other Income Expense": 1426000000.0,
            "Other Non Operating Income Expenses": -10000000.0,
            "Gain On Sale Of Security": 1436000000.0,
            "Net Non Operating Interest Income Expense": 81000000.0,
            "Interest Expense Non Operating": 112000000.0,
            "Interest Income Non Operating": 193000000.0,
            "Operating Income": 1113000000.0,
            "Operating Expense": 4245000000.0,
            "Other Operating Expenses": 735000000.0,
            "Depreciation Amortization Depletion Income Statement": 188000000.0,
            "Depreciation And Amortization In Income Statement": 188000000.0,
            "Research And Development": 862000000.0,
            "Selling General And Administration": 2460000000.0,
            "Selling And Marketing Expense": 1277000000.0,
            "General And Administrative Expense": 1183000000.0,
            "Other Gand A": 1183000000.0,
            "Gross Profit": 5358000000.0,
            "Cost Of Revenue": 8109000000.0,
            "Total Revenue": 13467000000.0,
            "Operating Revenue": 13467000000.0
          },
          "2025-06-30 00:00:00": {
            "Tax Effect Of Unusual Items": 7200000.0,
            "Tax Rate For Calcs": 0.09,
            "Normalized EBITDA": 1713000000.0,
            "Total Unusual Items": 80000000.0,
            "Total Unusual Items Excluding Goodwill": 80000000.0,
            "Net Income From Continuing Operation Net Minority Interest": 1355000000.0,
            "Reconciled Depreciation": 181000000.0,
            "Reconciled Cost Of Revenue": 7605000000.0,
            "EBITDA": 1793000000.0,
            "EBIT": 1612000000.0,
            "Net Interest Income": 73000000.0,
            "Interest Expense": 108000000.0,
            "Interest Income": 181000000.0,
            "Normalized Income": 1282200000.0,
            "Net Income From Continuing And Discontinued Operation": 1355000000.0,
            "Total Expenses": 11201000000.0,
            "Total Operating Income As Reported": 1450000000.0,
            "Diluted Average Shares": 2125628000.0,
            "Basic Average Shares": 2091106000.0,
            "Diluted EPS": 0.63,
            "Basic EPS": 0.65,
            "Diluted NI Availto Com Stockholders": 1355000000.0,
            "Average Dilution Earnings": NaN,
            "Net Income Common Stockholders": 1355000000.0,
            "Net Income": 1355000000.0,
            "Minority Interests": 5000000.0,
            "Net Income Including Noncontrolling Interests": 1350000000.0,
            "Net Income Continuous Operations": 1350000000.0,
            "Earnings From Equity Interest Net Of Tax": -12000000.0,
            "Tax Provision": 142000000.0,
            "Pretax Income": 1504000000.0,
            "Other Income Expense": -19000000.0,
            "Other Non Operating Income Expenses": -99000000.0,
            "Gain On Sale Of Security": 80000000.0,
            "Net Non Operating Interest Income Expense": 73000000.0,
            "Interest Expense Non Operating": 108000000.0,
            "Interest Income Non Operating": 181000000.0,
            "Operating Income": 1450000000.0,
            "Operating Expense": 3590000000.0,
            "Other Operating Expenses": 696000000.0,
            "Depreciation Amortization Depletion Income Statement": 175000000.0,
            "Depreciation And Amortization In Income Statement": 175000000.0,
            "Research And Development": 840000000.0,
            "Selling General And Administration": 1879000000.0,
            "Selling And Marketing Expense": 1210000000.0,
            "General And Administrative Expense": 669000000.0,
            "Other Gand A": 669000000.0,
            "Gross Profit": 5040000000.0,
            "Cost Of Revenue": 7611000000.0,
            "Total Revenue": 12651000000.0,
            "Operating Revenue": 12651000000.0
          },
          "2025-03-31 00:00:00": {
            "Tax Effect Of Unusual Items": 21210000.0,
            "Tax Rate For Calcs": 0.21,
            "Normalized EBITDA": 1567000000.0,
            "Total Unusual Items": 101000000.0,
            "Total Unusual Items Excluding Goodwill": 101000000.0,
            "Net Income From Continuing Operation Net Minority Interest": 1776000000.0,
            "Reconciled Depreciation": 178000000.0,
            "Reconciled Cost Of Revenue": 6930000000.0,
            "EBITDA": 1668000000.0,
            "EBIT": 1490000000.0,
            "Net Interest Income": 64000000.0,
            "Interest Expense": 105000000.0,
            "Interest Income": 169000000.0,
            "Normalized Income": 1696210000.0,
            "Net Income From Continuing And Discontinued Operation": 1776000000.0,
            "Total Expenses": 10305000000.0,
            "Total Operating Income As Reported": 1228000000.0,
            "Diluted Average Shares": 2122618000.0,
            "Basic Average Shares": 2092464000.0,
            "Diluted EPS": 0.83,
            "Basic EPS": 0.85,
            "Diluted NI Availto Com Stockholders": 1763000000.0,
            "Average Dilution Earnings": -13000000.0,
            "Net Income Common Stockholders": 1776000000.0,
            "Net Income": 1776000000.0,
            "Minority Interests": 2000000.0,
            "Net Income Including Noncontrolling Interests": 1774000000.0,
            "Net Income Continuous Operations": 1774000000.0,
            "Earnings From Equity Interest Net Of Tax": -13000000.0,
            "Tax Provision": -402000000.0,
            "Pretax Income": 1385000000.0,
            "Other Income Expense": 93000000.0,
            "Other Non Operating Income Expenses": -8000000.0,
            "Gain On Sale Of Security": 101000000.0,
            "Net Non Operating Interest Income Expense": 64000000.0,
            "Interest Expense Non Operating": 105000000.0,
            "Interest Income Non Operating": 169000000.0,
            "Operating Income": 1228000000.0,
            "Operating Expense": 3368000000.0,
            "Other Operating Expenses": 668000000.0,
            "Depreciation Amortization Depletion Income Statement": 171000000.0,
            "Depreciation And Amortization In Income Statement": 171000000.0,
            "Research And Development": 815000000.0,
            "Selling General And Administration": 1714000000.0,
            "Selling And Marketing Expense": 1057000000.0,
            "General And Administrative Expense": 657000000.0,
            "Other Gand A": 657000000.0,
            "Gross Profit": 4596000000.0,
            "Cost Of Revenue": 6937000000.0,
            "Total Revenue": 11533000000.0,
            "Operating Revenue": 11533000000.0
          },
          "2024-12-31 00:00:00": {
            "Tax Effect Of Unusual Items": 31710000.0,
            "Tax Rate For Calcs": 0.21,
            "Normalized EBITDA": 1051000000.0,
            "Total Unusual Items": 151000000.0,
            "Total Unusual Items Excluding Goodwill": 151000000.0,
            "Net Income From Continuing Operation Net Minority Interest": 6883000000.0,
            "Reconciled Depreciation": 176000000.0,
            "Reconciled Cost Of Revenue": 7227000000.0,
            "EBITDA": 1202000000.0,
            "EBIT": 1026000000.0,
            "Net Interest Income": 74000000.0,
            "Interest Expense": 117000000.0,
            "Interest Income": 191000000.0,
            "Normalized Income": 6763710000.0,
            "Net Income From Continuing And Discontinued Operation": 6883000000.0,
            "Total Expenses": 11189000000.0,
            "Total Operating Income As Reported": 770000000.0,
            "Diluted Average Shares": 2141426000.0,
            "Basic Average Shares": 2105899000.0,
            "Diluted EPS": 3.21,
            "Basic EPS": 3.27,
            "Diluted NI Availto Com Stockholders": 6882000000.0,
            "Average Dilution Earnings": -1000000.0,
            "Net Income Common Stockholders": 6883000000.0,
            "Net Income": 6883000000.0,
            "Minority Interests": -18000000.0,
            "Net Income Including Noncontrolling Interests": 6901000000.0,
            "Net Income Continuous Operations": 6901000000.0,
            "Earnings From Equity Interest Net Of Tax": -10000000.0,
            "Tax Provision": -6002000000.0,
            "Pretax Income": 909000000.0,
            "Other Income Expense": 65000000.0,
            "Other Non Operating Income Expenses": -86000000.0,
            "Gain On Sale Of Security": 387000000.0,
            "Net Non Operating Interest Income Expense": 74000000.0,
            "Interest Expense Non Operating": 117000000.0,
            "Interest Income Non Operating": 191000000.0,
            "Operating Income": 770000000.0,
            "Operating Expense": 3955000000.0,
            "Other Operating Expenses": 678000000.0,
            "Depreciation Amortization Depletion Income Statement": 169000000.0,
            "Depreciation And Amortization In Income Statement": 169000000.0,
            "Research And Development": 785000000.0,
            "Selling General And Administration": 2323000000.0,
            "Selling And Marketing Expense": 1209000000.0,
            "General And Administrative Expense": 1114000000.0,
            "Other Gand A": 1114000000.0,
            "Gross Profit": 4725000000.0,
            "Cost Of Revenue": 7234000000.0,
            "Total Revenue": 11959000000.0,
            "Operating Revenue": 11959000000.0
          },
          "2024-09-30 00:00:00": {
            "Tax Effect Of Unusual Items": 101340000.0,
            "Tax Rate For Calcs": 0.06,
            "Normalized EBITDA": 1409000000.0,
            "Total Unusual Items": 1689000000.0,
            "Total Unusual Items Excluding Goodwill": 1689000000.0,
            "Net Income From Continuing Operation Net Minority Interest": 2612000000.0,
            "Reconciled Depreciation": 186000000.0,
            "Reconciled Cost Of Revenue": 6754000000.0,
            "EBITDA": 3098000000.0,
            "EBIT": 2912000000.0,
            "Net Interest Income": 52000000.0,
            "Interest Expense": 143000000.0,
            "Interest Income": 195000000.0,
            "Normalized Income": 1024340000.0,
            "Net Income From Continuing And Discontinued Operation": 2612000000.0,
            "Total Expenses": 10127000000.0,
            "Total Operating Income As Reported": 1061000000.0,
            "Diluted Average Shares": 2154466000.0,
            "Basic Average Shares": 2101660000.0,
            "Diluted EPS": 1.2,
            "Basic EPS": 1.24,
            "Diluted NI Availto Com Stockholders": 2594000000.0,
            "Average Dilution Earnings": -18000000.0,
            "Net Income Common Stockholders": 2612000000.0,
            "Net Income": 2612000000.0,
            "Minority Interests": 13000000.0,
            "Net Income Including Noncontrolling Interests": 2599000000.0,
            "Net Income Continuous Operations": 2599000000.0,
            "Earnings From Equity Interest Net Of Tax": -12000000.0,
            "Tax Provision": 158000000.0,
            "Pretax Income": 2769000000.0,
            "Other Income Expense": 1656000000.0,
            "Other Non Operating Income Expenses": -33000000.0,
            "Gain On Sale Of Security": 1689000000.0,
            "Net Non Operating Interest Income Expense": 52000000.0,
            "Interest Expense Non Operating": 143000000.0,
            "Interest Income Non Operating": 195000000.0,
            "Operating Income": 1061000000.0,
            "Operating Expense": 3366000000.0,
            "Other Operating Expenses": 687000000.0,
            "Depreciation Amortization Depletion Income Statement": 179000000.0,
            "Depreciation And Amortization In Income Statement": 179000000.0,
            "Research And Development": 774000000.0,
            "Selling General And Administration": 1726000000.0,
            "Selling And Marketing Expense": 1096000000.0,
            "General And Administrative Expense": 630000000.0,
            "Other Gand A": 630000000.0,
            "Gross Profit": 4427000000.0,
            "Cost Of Revenue": 6761000000.0,
            "Total Revenue": 11188000000.0,
            "Operating Revenue": 11188000000.0
          },
          "2024-06-30 00:00:00": {
            "Tax Effect Of Unusual Items": NaN,
            "Tax Rate For Calcs": NaN,
            "Normalized EBITDA": NaN,
            "Total Unusual Items": NaN,
            "Total Unusual Items Excluding Goodwill": NaN,
            "Net Income From Continuing Operation Net Minority Interest": NaN,
            "Reconciled Depreciation": NaN,
            "Reconciled Cost Of Revenue": NaN,
            "EBITDA": NaN,
            "EBIT": NaN,
            "Net Interest Income": NaN,
            "Interest Expense": NaN,
            "Interest Income": NaN,
            "Normalized Income": NaN,
            "Net Income From Continuing And Discontinued Operation": NaN,
            "Total Expenses": NaN,
            "Total Operating Income As Reported": NaN,
            "Diluted Average Shares": NaN,
            "Basic Average Shares": NaN,
            "Diluted EPS": NaN,
            "Basic EPS": NaN,
            "Diluted NI Availto Com Stockholders": NaN,
            "Average Dilution Earnings": -14000000.0,
            "Net Income Common Stockholders": NaN,
            "Net Income": NaN,
            "Minority Interests": NaN,
            "Net Income Including Noncontrolling Interests": NaN,
            "Net Income Continuous Operations": NaN,
            "Earnings From Equity Interest Net Of Tax": NaN,
            "Tax Provision": NaN,
            "Pretax Income": NaN,
            "Other Income Expense": NaN,
            "Other Non Operating Income Expenses": NaN,
            "Gain On Sale Of Security": NaN,
            "Net Non Operating Interest Income Expense": NaN,
            "Interest Expense Non Operating": NaN,
            "Interest Income Non Operating": NaN,
            "Operating Income": NaN,
            "Operating Expense": NaN,
            "Other Operating Expenses": NaN,
            "Depreciation Amortization Depletion Income Statement": NaN,
            "Depreciation And Amortization In Income Statement": NaN,
            "Research And Development": NaN,
            "Selling General And Administration": NaN,
            "Selling And Marketing Expense": NaN,
            "General And Administrative Expense": NaN,
            "Other Gand A": NaN,
            "Gross Profit": NaN,
            "Cost Of Revenue": NaN,
            "Total Revenue": NaN,
            "Operating Revenue": NaN
          }
        },
        "annual_income_stmt": {
          "2024-12-31 00:00:00": {
            "Tax Effect Of Unusual Items": 253050000.0,
            "Tax Rate For Calcs": 0.21,
            "Normalized EBITDA": 4180000000.0,
            "Total Unusual Items": 1205000000.0,
            "Total Unusual Items Excluding Goodwill": 1205000000.0,
            "Net Income From Continuing Operation Net Minority Interest": 9856000000.0,
            "Reconciled Depreciation": 737000000.0,
            "Reconciled Cost Of Revenue": 26625000000.0,
            "EBITDA": 5385000000.0,
            "EBIT": 4648000000.0,
            "Net Interest Income": 198000000.0,
            "Interest Expense": 523000000.0,
            "Interest Income": 721000000.0,
            "Normalized Income": 8904050000.0,
            "Net Income From Continuing And Discontinued Operation": 9856000000.0,
            "Total Expenses": 41179000000.0,
            "Total Operating Income As Reported": 2799000000.0,
            "Diluted Average Shares": 2150508000.0,
            "Basic Average Shares": 2094602000.0,
            "Diluted EPS": 4.56,
            "Basic EPS": 4.71,
            "Diluted NI Availto Com Stockholders": 9807000000.0,
            "Average Dilution Earnings": -49000000.0,
            "Net Income Common Stockholders": 9856000000.0,
            "Net Income": 9856000000.0,
            "Minority Interests": 11000000.0,
            "Net Income Including Noncontrolling Interests": 9845000000.0,
            "Net Income Continuous Operations": 9845000000.0,
            "Earnings From Equity Interest Net Of Tax": -38000000.0,
            "Tax Provision": -5758000000.0,
            "Pretax Income": 4125000000.0,
            "Other Income Expense": 1128000000.0,
            "Other Non Operating Income Expenses": -77000000.0,
            "Special Income Charges": -236000000.0,
            "Gain On Sale Of Business": 0.0,
            "Write Off": 0.0,
            "Restructuring And Mergern Acquisition": 236000000.0,
            "Gain On Sale Of Security": 1441000000.0,
            "Net Non Operating Interest Income Expense": 198000000.0,
            "Interest Expense Non Operating": 523000000.0,
            "Interest Income Non Operating": 721000000.0,
            "Operating Income": 2799000000.0,
            "Operating Expense": 14528000000.0,
            "Other Operating Expenses": 2732000000.0,
            "Depreciation Amortization Depletion Income Statement": 711000000.0,
            "Depreciation And Amortization In Income Statement": 711000000.0,
            "Research And Development": 3109000000.0,
            "Selling General And Administration": 7976000000.0,
            "Selling And Marketing Expense": 4337000000.0,
            "General And Administrative Expense": 3639000000.0,
            "Other Gand A": 3639000000.0,
            "Gross Profit": 17327000000.0,
            "Cost Of Revenue": 26651000000.0,
            "Total Revenue": 43978000000.0,
            "Operating Revenue": 43978000000.0
          },
          "2023-12-31 00:00:00": {
            "Tax Effect Of Unusual Items": 143336000.0,
            "Tax Rate For Calcs": 0.092,
            "Normalized EBITDA": 2219000000.0,
            "Total Unusual Items": 1558000000.0,
            "Total Unusual Items Excluding Goodwill": 1558000000.0,
            "Net Income From Continuing Operation Net Minority Interest": 1887000000.0,
            "Reconciled Depreciation": 823000000.0,
            "Reconciled Cost Of Revenue": 22457000000.0,
            "EBITDA": 3777000000.0,
            "EBIT": 2954000000.0,
            "Net Interest Income": -149000000.0,
            "Interest Expense": 633000000.0,
            "Interest Income": 484000000.0,
            "Normalized Income": 472336000.0,
            "Net Income From Continuing And Discontinued Operation": 1887000000.0,
            "Total Expenses": 36171000000.0,
            "Total Operating Income As Reported": 1110000000.0,
            "Diluted Average Shares": 2091782000.0,
            "Basic Average Shares": 2035651000.0,
            "Diluted EPS": 0.87,
            "Basic EPS": 0.93,
            "Diluted NI Availto Com Stockholders": 1827000000.0,
            "Average Dilution Earnings": -60000000.0,
            "Net Income Common Stockholders": 1887000000.0,
            "Net Income": 1887000000.0,
            "Minority Interests": -269000000.0,
            "Net Income Including Noncontrolling Interests": 2156000000.0,
            "Net Income Continuous Operations": 2156000000.0,
            "Earnings From Equity Interest Net Of Tax": 48000000.0,
            "Tax Provision": 213000000.0,
            "Pretax Income": 2321000000.0,
            "Other Income Expense": 1360000000.0,
            "Other Non Operating Income Expenses": -198000000.0,
            "Special Income Charges": 204000000.0,
            "Gain On Sale Of Business": 204000000.0,
            "Write Off": 0.0,
            "Restructuring And Mergern Acquisition": 0.0,
            "Gain On Sale Of Security": 1354000000.0,
            "Net Non Operating Interest Income Expense": -149000000.0,
            "Interest Expense Non Operating": 633000000.0,
            "Interest Income Non Operating": 484000000.0,
            "Operating Income": 1110000000.0,
            "Operating Expense": 13714000000.0,
            "Other Operating Expenses": 2689000000.0,
            "Depreciation Amortization Depletion Income Statement": 823000000.0,
            "Depreciation And Amortization In Income Statement": 823000000.0,
            "Research And Development": 3164000000.0,
            "Selling General And Administration": 7038000000.0,
            "Selling And Marketing Expense": 4356000000.0,
            "General And Administrative Expense": 2682000000.0,
            "Other Gand A": 2682000000.0,
            "Gross Profit": 14824000000.0,
            "Cost Of Revenue": 22457000000.0,
            "Total Revenue": 37281000000.0,
            "Operating Revenue": 37281000000.0
          },
          "2022-12-31 00:00:00": {
            "Tax Effect Of Unusual Items": -136211000.0,
            "Tax Rate For Calcs": 0.019,
            "Normalized EBITDA": -745000000.0,
            "Total Unusual Items": -7169000000.0,
            "Total Unusual Items Excluding Goodwill": -7169000000.0,
            "Net Income From Continuing Operation Net Minority Interest": -9141000000.0,
            "Reconciled Depreciation": 947000000.0,
            "Reconciled Cost Of Revenue": 19659000000.0,
            "EBITDA": -7914000000.0,
            "EBIT": -8861000000.0,
            "Net Interest Income": -426000000.0,
            "Interest Expense": 565000000.0,
            "Interest Income": 139000000.0,
            "Normalized Income": -2108211000.0,
            "Net Income From Continuing And Discontinued Operation": -9141000000.0,
            "Total Expenses": 33709000000.0,
            "Total Operating Income As Reported": -1832000000.0,
            "Diluted Average Shares": 1974928000.0,
            "Basic Average Shares": 1972131000.0,
            "Diluted EPS": -4.65,
            "Basic EPS": -4.64,
            "Diluted NI Availto Com Stockholders": -9182000000.0,
            "Average Dilution Earnings": -41000000.0,
            "Net Income Common Stockholders": -9141000000.0,
            "Net Income": -9141000000.0,
            "Minority Interests": -3000000.0,
            "Net Income Including Noncontrolling Interests": -9138000000.0,
            "Net Income Continuous Operations": -9138000000.0,
            "Earnings From Equity Interest Net Of Tax": 107000000.0,
            "Tax Provision": -181000000.0,
            "Pretax Income": -9426000000.0,
            "Other Income Expense": -7168000000.0,
            "Other Non Operating Income Expenses": 1000000.0,
            "Special Income Charges": -168000000.0,
            "Gain On Sale Of Business": 14000000.0,
            "Write Off": 182000000.0,
            "Restructuring And Mergern Acquisition": 0.0,
            "Gain On Sale Of Security": -7001000000.0,
            "Net Non Operating Interest Income Expense": -426000000.0,
            "Interest Expense Non Operating": 565000000.0,
            "Interest Income Non Operating": 139000000.0,
            "Operating Income": -1832000000.0,
            "Operating Expense": 14050000000.0,
            "Other Operating Expenses": 2413000000.0,
            "Depreciation Amortization Depletion Income Statement": 947000000.0,
            "Depreciation And Amortization In Income Statement": 947000000.0,
            "Research And Development": 2798000000.0,
            "Selling General And Administration": 7892000000.0,
            "Selling And Marketing Expense": 4756000000.0,
            "General And Administrative Expense": 3136000000.0,
            "Other Gand A": 3136000000.0,
            "Gross Profit": 12218000000.0,
            "Cost Of Revenue": 19659000000.0,
            "Total Revenue": 31877000000.0,
            "Operating Revenue": 31877000000.0
          },
          "2021-12-31 00:00:00": {
            "Tax Effect Of Unusual Items": 856440000.0,
            "Tax Rate For Calcs": 0.27,
            "Normalized EBITDA": -2812000000.0,
            "Total Unusual Items": 3172000000.0,
            "Total Unusual Items Excluding Goodwill": 3172000000.0,
            "Net Income From Continuing Operation Net Minority Interest": -496000000.0,
            "Reconciled Depreciation": 902000000.0,
            "Reconciled Cost Of Revenue": 9351000000.0,
            "EBITDA": 360000000.0,
            "EBIT": -542000000.0,
            "Net Interest Income": -446000000.0,
            "Interest Expense": 483000000.0,
            "Interest Income": 37000000.0,
            "Normalized Income": -2811560000.0,
            "Net Income From Continuing And Discontinued Operation": -496000000.0,
            "Total Expenses": 21289000000.0,
            "Total Operating Income As Reported": -3834000000.0,
            "Diluted Average Shares": 1895519000.0,
            "Basic Average Shares": 1892546000.0,
            "Diluted EPS": -0.29,
            "Basic EPS": -0.26,
            "Diluted NI Availto Com Stockholders": -540000000.0,
            "Average Dilution Earnings": -44000000.0,
            "Net Income Common Stockholders": -496000000.0,
            "Net Income": -496000000.0,
            "Minority Interests": 74000000.0,
            "Net Income Including Noncontrolling Interests": -570000000.0,
            "Net Income Continuous Operations": -570000000.0,
            "Earnings From Equity Interest Net Of Tax": -37000000.0,
            "Tax Provision": -492000000.0,
            "Pretax Income": -1025000000.0,
            "Other Income Expense": 3255000000.0,
            "Other Non Operating Income Expenses": 83000000.0,
            "Special Income Charges": 1684000000.0,
            "Gain On Sale Of Business": 1684000000.0,
            "Write Off": 0.0,
            "Restructuring And Mergern Acquisition": NaN,
            "Gain On Sale Of Security": 1488000000.0,
            "Net Non Operating Interest Income Expense": -446000000.0,
            "Interest Expense Non Operating": 483000000.0,
            "Interest Income Non Operating": 37000000.0,
            "Operating Income": -3834000000.0,
            "Operating Expense": 11938000000.0,
            "Other Operating Expenses": 1877000000.0,
            "Depreciation Amortization Depletion Income Statement": 902000000.0,
            "Depreciation And Amortization In Income Statement": 902000000.0,
            "Research And Development": 2054000000.0,
            "Selling General And Administration": 7105000000.0,
            "Selling And Marketing Expense": 4789000000.0,
            "General And Administrative Expense": 2316000000.0,
            "Other Gand A": 2316000000.0,
            "Gross Profit": 8104000000.0,
            "Cost Of Revenue": 9351000000.0,
            "Total Revenue": 17455000000.0,
            "Operating Revenue": 17447000000.0
          }
        },
        "quarterly_financial_stmt": {
          "2025-09-30 00:00:00": {
            "Tax Effect Of Unusual Items": 301560000.0,
            "Tax Rate For Calcs": 0.21,
            "Normalized EBITDA": 1491000000.0,
            "Total Unusual Items": 1436000000.0,
            "Total Unusual Items Excluding Goodwill": 1436000000.0,
            "Net Income From Continuing Operation Net Minority Interest": 6626000000.0,
            "Reconciled Depreciation": 195000000.0,
            "Reconciled Cost Of Revenue": 8102000000.0,
            "EBITDA": 2927000000.0,
            "EBIT": 2732000000.0,
            "Net Interest Income": 81000000.0,
            "Interest Expense": 112000000.0,
            "Interest Income": 193000000.0,
            "Normalized Income": 5491560000.0,
            "Net Income From Continuing And Discontinued Operation": 6626000000.0,
            "Total Expenses": 12354000000.0,
            "Total Operating Income As Reported": 1113000000.0,
            "Diluted Average Shares": 2124391000.0,
            "Basic Average Shares": 2084180000.0,
            "Diluted EPS": 3.11,
            "Basic EPS": 3.18,
            "Diluted NI Availto Com Stockholders": 6613000000.0,
            "Average Dilution Earnings": -13000000.0,
            "Net Income Common Stockholders": 6626000000.0,
            "Net Income": 6626000000.0,
            "Minority Interests": -26000000.0,
            "Net Income Including Noncontrolling Interests": 6652000000.0,
            "Net Income Continuous Operations": 6652000000.0,
            "Earnings From Equity Interest Net Of Tax": -14000000.0,
            "Tax Provision": -4046000000.0,
            "Pretax Income": 2620000000.0,
            "Other Income Expense": 1426000000.0,
            "Other Non Operating Income Expenses": -10000000.0,
            "Gain On Sale Of Security": 1436000000.0,
            "Net Non Operating Interest Income Expense": 81000000.0,
            "Interest Expense Non Operating": 112000000.0,
            "Interest Income Non Operating": 193000000.0,
            "Operating Income": 1113000000.0,
            "Operating Expense": 4245000000.0,
            "Other Operating Expenses": 735000000.0,
            "Depreciation Amortization Depletion Income Statement": 188000000.0,
            "Depreciation And Amortization In Income Statement": 188000000.0,
            "Research And Development": 862000000.0,
            "Selling General And Administration": 2460000000.0,
            "Selling And Marketing Expense": 1277000000.0,
            "General And Administrative Expense": 1183000000.0,
            "Other Gand A": 1183000000.0,
            "Gross Profit": 5358000000.0,
            "Cost Of Revenue": 8109000000.0,
            "Total Revenue": 13467000000.0,
            "Operating Revenue": 13467000000.0
          },
          "2025-06-30 00:00:00": {
            "Tax Effect Of Unusual Items": 7200000.0,
            "Tax Rate For Calcs": 0.09,
            "Normalized EBITDA": 1713000000.0,
            "Total Unusual Items": 80000000.0,
            "Total Unusual Items Excluding Goodwill": 80000000.0,
            "Net Income From Continuing Operation Net Minority Interest": 1355000000.0,
            "Reconciled Depreciation": 181000000.0,
            "Reconciled Cost Of Revenue": 7605000000.0,
            "EBITDA": 1793000000.0,
            "EBIT": 1612000000.0,
            "Net Interest Income": 73000000.0,
            "Interest Expense": 108000000.0,
            "Interest Income": 181000000.0,
            "Normalized Income": 1282200000.0,
            "Net Income From Continuing And Discontinued Operation": 1355000000.0,
            "Total Expenses": 11201000000.0,
            "Total Operating Income As Reported": 1450000000.0,
            "Diluted Average Shares": 2125628000.0,
            "Basic Average Shares": 2091106000.0,
            "Diluted EPS": 0.63,
            "Basic EPS": 0.65,
            "Diluted NI Availto Com Stockholders": 1355000000.0,
            "Average Dilution Earnings": NaN,
            "Net Income Common Stockholders": 1355000000.0,
            "Net Income": 1355000000.0,
            "Minority Interests": 5000000.0,
            "Net Income Including Noncontrolling Interests": 1350000000.0,
            "Net Income Continuous Operations": 1350000000.0,
            "Earnings From Equity Interest Net Of Tax": -12000000.0,
            "Tax Provision": 142000000.0,
            "Pretax Income": 1504000000.0,
            "Other Income Expense": -19000000.0,
            "Other Non Operating Income Expenses": -99000000.0,
            "Gain On Sale Of Security": 80000000.0,
            "Net Non Operating Interest Income Expense": 73000000.0,
            "Interest Expense Non Operating": 108000000.0,
            "Interest Income Non Operating": 181000000.0,
            "Operating Income": 1450000000.0,
            "Operating Expense": 3590000000.0,
            "Other Operating Expenses": 696000000.0,
            "Depreciation Amortization Depletion Income Statement": 175000000.0,
            "Depreciation And Amortization In Income Statement": 175000000.0,
            "Research And Development": 840000000.0,
            "Selling General And Administration": 1879000000.0,
            "Selling And Marketing Expense": 1210000000.0,
            "General And Administrative Expense": 669000000.0,
            "Other Gand A": 669000000.0,
            "Gross Profit": 5040000000.0,
            "Cost Of Revenue": 7611000000.0,
            "Total Revenue": 12651000000.0,
            "Operating Revenue": 12651000000.0
          },
          "2025-03-31 00:00:00": {
            "Tax Effect Of Unusual Items": 21210000.0,
            "Tax Rate For Calcs": 0.21,
            "Normalized EBITDA": 1567000000.0,
            "Total Unusual Items": 101000000.0,
            "Total Unusual Items Excluding Goodwill": 101000000.0,
            "Net Income From Continuing Operation Net Minority Interest": 1776000000.0,
            "Reconciled Depreciation": 178000000.0,
            "Reconciled Cost Of Revenue": 6930000000.0,
            "EBITDA": 1668000000.0,
            "EBIT": 1490000000.0,
            "Net Interest Income": 64000000.0,
            "Interest Expense": 105000000.0,
            "Interest Income": 169000000.0,
            "Normalized Income": 1696210000.0,
            "Net Income From Continuing And Discontinued Operation": 1776000000.0,
            "Total Expenses": 10305000000.0,
            "Total Operating Income As Reported": 1228000000.0,
            "Diluted Average Shares": 2122618000.0,
            "Basic Average Shares": 2092464000.0,
            "Diluted EPS": 0.83,
            "Basic EPS": 0.85,
            "Diluted NI Availto Com Stockholders": 1763000000.0,
            "Average Dilution Earnings": -13000000.0,
            "Net Income Common Stockholders": 1776000000.0,
            "Net Income": 1776000000.0,
            "Minority Interests": 2000000.0,
            "Net Income Including Noncontrolling Interests": 1774000000.0,
            "Net Income Continuous Operations": 1774000000.0,
            "Earnings From Equity Interest Net Of Tax": -13000000.0,
            "Tax Provision": -402000000.0,
            "Pretax Income": 1385000000.0,
            "Other Income Expense": 93000000.0,
            "Other Non Operating Income Expenses": -8000000.0,
            "Gain On Sale Of Security": 101000000.0,
            "Net Non Operating Interest Income Expense": 64000000.0,
            "Interest Expense Non Operating": 105000000.0,
            "Interest Income Non Operating": 169000000.0,
            "Operating Income": 1228000000.0,
            "Operating Expense": 3368000000.0,
            "Other Operating Expenses": 668000000.0,
            "Depreciation Amortization Depletion Income Statement": 171000000.0,
            "Depreciation And Amortization In Income Statement": 171000000.0,
            "Research And Development": 815000000.0,
            "Selling General And Administration": 1714000000.0,
            "Selling And Marketing Expense": 1057000000.0,
            "General And Administrative Expense": 657000000.0,
            "Other Gand A": 657000000.0,
            "Gross Profit": 4596000000.0,
            "Cost Of Revenue": 6937000000.0,
            "Total Revenue": 11533000000.0,
            "Operating Revenue": 11533000000.0
          },
          "2024-12-31 00:00:00": {
            "Tax Effect Of Unusual Items": 31710000.0,
            "Tax Rate For Calcs": 0.21,
            "Normalized EBITDA": 1051000000.0,
            "Total Unusual Items": 151000000.0,
            "Total Unusual Items Excluding Goodwill": 151000000.0,
            "Net Income From Continuing Operation Net Minority Interest": 6883000000.0,
            "Reconciled Depreciation": 176000000.0,
            "Reconciled Cost Of Revenue": 7227000000.0,
            "EBITDA": 1202000000.0,
            "EBIT": 1026000000.0,
            "Net Interest Income": 74000000.0,
            "Interest Expense": 117000000.0,
            "Interest Income": 191000000.0,
            "Normalized Income": 6763710000.0,
            "Net Income From Continuing And Discontinued Operation": 6883000000.0,
            "Total Expenses": 11189000000.0,
            "Total Operating Income As Reported": 770000000.0,
            "Diluted Average Shares": 2141426000.0,
            "Basic Average Shares": 2105899000.0,
            "Diluted EPS": 3.21,
            "Basic EPS": 3.27,
            "Diluted NI Availto Com Stockholders": 6882000000.0,
            "Average Dilution Earnings": -1000000.0,
            "Net Income Common Stockholders": 6883000000.0,
            "Net Income": 6883000000.0,
            "Minority Interests": -18000000.0,
            "Net Income Including Noncontrolling Interests": 6901000000.0,
            "Net Income Continuous Operations": 6901000000.0,
            "Earnings From Equity Interest Net Of Tax": -10000000.0,
            "Tax Provision": -6002000000.0,
            "Pretax Income": 909000000.0,
            "Other Income Expense": 65000000.0,
            "Other Non Operating Income Expenses": -86000000.0,
            "Gain On Sale Of Security": 387000000.0,
            "Net Non Operating Interest Income Expense": 74000000.0,
            "Interest Expense Non Operating": 117000000.0,
            "Interest Income Non Operating": 191000000.0,
            "Operating Income": 770000000.0,
            "Operating Expense": 3955000000.0,
            "Other Operating Expenses": 678000000.0,
            "Depreciation Amortization Depletion Income Statement": 169000000.0,
            "Depreciation And Amortization In Income Statement": 169000000.0,
            "Research And Development": 785000000.0,
            "Selling General And Administration": 2323000000.0,
            "Selling And Marketing Expense": 1209000000.0,
            "General And Administrative Expense": 1114000000.0,
            "Other Gand A": 1114000000.0,
            "Gross Profit": 4725000000.0,
            "Cost Of Revenue": 7234000000.0,
            "Total Revenue": 11959000000.0,
            "Operating Revenue": 11959000000.0
          },
          "2024-09-30 00:00:00": {
            "Tax Effect Of Unusual Items": 101340000.0,
            "Tax Rate For Calcs": 0.06,
            "Normalized EBITDA": 1409000000.0,
            "Total Unusual Items": 1689000000.0,
            "Total Unusual Items Excluding Goodwill": 1689000000.0,
            "Net Income From Continuing Operation Net Minority Interest": 2612000000.0,
            "Reconciled Depreciation": 186000000.0,
            "Reconciled Cost Of Revenue": 6754000000.0,
            "EBITDA": 3098000000.0,
            "EBIT": 2912000000.0,
            "Net Interest Income": 52000000.0,
            "Interest Expense": 143000000.0,
            "Interest Income": 195000000.0,
            "Normalized Income": 1024340000.0,
            "Net Income From Continuing And Discontinued Operation": 2612000000.0,
            "Total Expenses": 10127000000.0,
            "Total Operating Income As Reported": 1061000000.0,
            "Diluted Average Shares": 2154466000.0,
            "Basic Average Shares": 2101660000.0,
            "Diluted EPS": 1.2,
            "Basic EPS": 1.24,
            "Diluted NI Availto Com Stockholders": 2594000000.0,
            "Average Dilution Earnings": -18000000.0,
            "Net Income Common Stockholders": 2612000000.0,
            "Net Income": 2612000000.0,
            "Minority Interests": 13000000.0,
            "Net Income Including Noncontrolling Interests": 2599000000.0,
            "Net Income Continuous Operations": 2599000000.0,
            "Earnings From Equity Interest Net Of Tax": -12000000.0,
            "Tax Provision": 158000000.0,
            "Pretax Income": 2769000000.0,
            "Other Income Expense": 1656000000.0,
            "Other Non Operating Income Expenses": -33000000.0,
            "Gain On Sale Of Security": 1689000000.0,
            "Net Non Operating Interest Income Expense": 52000000.0,
            "Interest Expense Non Operating": 143000000.0,
            "Interest Income Non Operating": 195000000.0,
            "Operating Income": 1061000000.0,
            "Operating Expense": 3366000000.0,
            "Other Operating Expenses": 687000000.0,
            "Depreciation Amortization Depletion Income Statement": 179000000.0,
            "Depreciation And Amortization In Income Statement": 179000000.0,
            "Research And Development": 774000000.0,
            "Selling General And Administration": 1726000000.0,
            "Selling And Marketing Expense": 1096000000.0,
            "General And Administrative Expense": 630000000.0,
            "Other Gand A": 630000000.0,
            "Gross Profit": 4427000000.0,
            "Cost Of Revenue": 6761000000.0,
            "Total Revenue": 11188000000.0,
            "Operating Revenue": 11188000000.0
          },
          "2024-06-30 00:00:00": {
            "Tax Effect Of Unusual Items": NaN,
            "Tax Rate For Calcs": NaN,
            "Normalized EBITDA": NaN,
            "Total Unusual Items": NaN,
            "Total Unusual Items Excluding Goodwill": NaN,
            "Net Income From Continuing Operation Net Minority Interest": NaN,
            "Reconciled Depreciation": NaN,
            "Reconciled Cost Of Revenue": NaN,
            "EBITDA": NaN,
            "EBIT": NaN,
            "Net Interest Income": NaN,
            "Interest Expense": NaN,
            "Interest Income": NaN,
            "Normalized Income": NaN,
            "Net Income From Continuing And Discontinued Operation": NaN,
            "Total Expenses": NaN,
            "Total Operating Income As Reported": NaN,
            "Diluted Average Shares": NaN,
            "Basic Average Shares": NaN,
            "Diluted EPS": NaN,
            "Basic EPS": NaN,
            "Diluted NI Availto Com Stockholders": NaN,
            "Average Dilution Earnings": -14000000.0,
            "Net Income Common Stockholders": NaN,
            "Net Income": NaN,
            "Minority Interests": NaN,
            "Net Income Including Noncontrolling Interests": NaN,
            "Net Income Continuous Operations": NaN,
            "Earnings From Equity Interest Net Of Tax": NaN,
            "Tax Provision": NaN,
            "Pretax Income": NaN,
            "Other Income Expense": NaN,
            "Other Non Operating Income Expenses": NaN,
            "Gain On Sale Of Security": NaN,
            "Net Non Operating Interest Income Expense": NaN,
            "Interest Expense Non Operating": NaN,
            "Interest Income Non Operating": NaN,
            "Operating Income": NaN,
            "Operating Expense": NaN,
            "Other Operating Expenses": NaN,
            "Depreciation Amortization Depletion Income Statement": NaN,
            "Depreciation And Amortization In Income Statement": NaN,
            "Research And Development": NaN,
            "Selling General And Administration": NaN,
            "Selling And Marketing Expense": NaN,
            "General And Administrative Expense": NaN,
            "Other Gand A": NaN,
            "Gross Profit": NaN,
            "Cost Of Revenue": NaN,
            "Total Revenue": NaN,
            "Operating Revenue": NaN
          }
        },
        "annual_financial_stmt": {
          "2024-12-31 00:00:00": {
            "Tax Effect Of Unusual Items": 253050000.0,
            "Tax Rate For Calcs": 0.21,
            "Normalized EBITDA": 4180000000.0,
            "Total Unusual Items": 1205000000.0,
            "Total Unusual Items Excluding Goodwill": 1205000000.0,
            "Net Income From Continuing Operation Net Minority Interest": 9856000000.0,
            "Reconciled Depreciation": 737000000.0,
            "Reconciled Cost Of Revenue": 26625000000.0,
            "EBITDA": 5385000000.0,
            "EBIT": 4648000000.0,
            "Net Interest Income": 198000000.0,
            "Interest Expense": 523000000.0,
            "Interest Income": 721000000.0,
            "Normalized Income": 8904050000.0,
            "Net Income From Continuing And Discontinued Operation": 9856000000.0,
            "Total Expenses": 41179000000.0,
            "Total Operating Income As Reported": 2799000000.0,
            "Diluted Average Shares": 2150508000.0,
            "Basic Average Shares": 2094602000.0,
            "Diluted EPS": 4.56,
            "Basic EPS": 4.71,
            "Diluted NI Availto Com Stockholders": 9807000000.0,
            "Average Dilution Earnings": -49000000.0,
            "Net Income Common Stockholders": 9856000000.0,
            "Net Income": 9856000000.0,
            "Minority Interests": 11000000.0,
            "Net Income Including Noncontrolling Interests": 9845000000.0,
            "Net Income Continuous Operations": 9845000000.0,
            "Earnings From Equity Interest Net Of Tax": -38000000.0,
            "Tax Provision": -5758000000.0,
            "Pretax Income": 4125000000.0,
            "Other Income Expense": 1128000000.0,
            "Other Non Operating Income Expenses": -77000000.0,
            "Special Income Charges": -236000000.0,
            "Gain On Sale Of Business": 0.0,
            "Write Off": 0.0,
            "Restructuring And Mergern Acquisition": 236000000.0,
            "Gain On Sale Of Security": 1441000000.0,
            "Net Non Operating Interest Income Expense": 198000000.0,
            "Interest Expense Non Operating": 523000000.0,
            "Interest Income Non Operating": 721000000.0,
            "Operating Income": 2799000000.0,
            "Operating Expense": 14528000000.0,
            "Other Operating Expenses": 2732000000.0,
            "Depreciation Amortization Depletion Income Statement": 711000000.0,
            "Depreciation And Amortization In Income Statement": 711000000.0,
            "Research And Development": 3109000000.0,
            "Selling General And Administration": 7976000000.0,
            "Selling And Marketing Expense": 4337000000.0,
            "General And Administrative Expense": 3639000000.0,
            "Other Gand A": 3639000000.0,
            "Gross Profit": 17327000000.0,
            "Cost Of Revenue": 26651000000.0,
            "Total Revenue": 43978000000.0,
            "Operating Revenue": 43978000000.0
          },
          "2023-12-31 00:00:00": {
            "Tax Effect Of Unusual Items": 143336000.0,
            "Tax Rate For Calcs": 0.092,
            "Normalized EBITDA": 2219000000.0,
            "Total Unusual Items": 1558000000.0,
            "Total Unusual Items Excluding Goodwill": 1558000000.0,
            "Net Income From Continuing Operation Net Minority Interest": 1887000000.0,
            "Reconciled Depreciation": 823000000.0,
            "Reconciled Cost Of Revenue": 22457000000.0,
            "EBITDA": 3777000000.0,
            "EBIT": 2954000000.0,
            "Net Interest Income": -149000000.0,
            "Interest Expense": 633000000.0,
            "Interest Income": 484000000.0,
            "Normalized Income": 472336000.0,
            "Net Income From Continuing And Discontinued Operation": 1887000000.0,
            "Total Expenses": 36171000000.0,
            "Total Operating Income As Reported": 1110000000.0,
            "Diluted Average Shares": 2091782000.0,
            "Basic Average Shares": 2035651000.0,
            "Diluted EPS": 0.87,
            "Basic EPS": 0.93,
            "Diluted NI Availto Com Stockholders": 1827000000.0,
            "Average Dilution Earnings": -60000000.0,
            "Net Income Common Stockholders": 1887000000.0,
            "Net Income": 1887000000.0,
            "Minority Interests": -269000000.0,
            "Net Income Including Noncontrolling Interests": 2156000000.0,
            "Net Income Continuous Operations": 2156000000.0,
            "Earnings From Equity Interest Net Of Tax": 48000000.0,
            "Tax Provision": 213000000.0,
            "Pretax Income": 2321000000.0,
            "Other Income Expense": 1360000000.0,
            "Other Non Operating Income Expenses": -198000000.0,
            "Special Income Charges": 204000000.0,
            "Gain On Sale Of Business": 204000000.0,
            "Write Off": 0.0,
            "Restructuring And Mergern Acquisition": 0.0,
            "Gain On Sale Of Security": 1354000000.0,
            "Net Non Operating Interest Income Expense": -149000000.0,
            "Interest Expense Non Operating": 633000000.0,
            "Interest Income Non Operating": 484000000.0,
            "Operating Income": 1110000000.0,
            "Operating Expense": 13714000000.0,
            "Other Operating Expenses": 2689000000.0,
            "Depreciation Amortization Depletion Income Statement": 823000000.0,
            "Depreciation And Amortization In Income Statement": 823000000.0,
            "Research And Development": 3164000000.0,
            "Selling General And Administration": 7038000000.0,
            "Selling And Marketing Expense": 4356000000.0,
            "General And Administrative Expense": 2682000000.0,
            "Other Gand A": 2682000000.0,
            "Gross Profit": 14824000000.0,
            "Cost Of Revenue": 22457000000.0,
            "Total Revenue": 37281000000.0,
            "Operating Revenue": 37281000000.0
          },
          "2022-12-31 00:00:00": {
            "Tax Effect Of Unusual Items": -136211000.0,
            "Tax Rate For Calcs": 0.019,
            "Normalized EBITDA": -745000000.0,
            "Total Unusual Items": -7169000000.0,
            "Total Unusual Items Excluding Goodwill": -7169000000.0,
            "Net Income From Continuing Operation Net Minority Interest": -9141000000.0,
            "Reconciled Depreciation": 947000000.0,
            "Reconciled Cost Of Revenue": 19659000000.0,
            "EBITDA": -7914000000.0,
            "EBIT": -8861000000.0,
            "Net Interest Income": -426000000.0,
            "Interest Expense": 565000000.0,
            "Interest Income": 139000000.0,
            "Normalized Income": -2108211000.0,
            "Net Income From Continuing And Discontinued Operation": -9141000000.0,
            "Total Expenses": 33709000000.0,
            "Total Operating Income As Reported": -1832000000.0,
            "Diluted Average Shares": 1974928000.0,
            "Basic Average Shares": 1972131000.0,
            "Diluted EPS": -4.65,
            "Basic EPS": -4.64,
            "Diluted NI Availto Com Stockholders": -9182000000.0,
            "Average Dilution Earnings": -41000000.0,
            "Net Income Common Stockholders": -9141000000.0,
            "Net Income": -9141000000.0,
            "Minority Interests": -3000000.0,
            "Net Income Including Noncontrolling Interests": -9138000000.0,
            "Net Income Continuous Operations": -9138000000.0,
            "Earnings From Equity Interest Net Of Tax": 107000000.0,
            "Tax Provision": -181000000.0,
            "Pretax Income": -9426000000.0,
            "Other Income Expense": -7168000000.0,
            "Other Non Operating Income Expenses": 1000000.0,
            "Special Income Charges": -168000000.0,
            "Gain On Sale Of Business": 14000000.0,
            "Write Off": 182000000.0,
            "Restructuring And Mergern Acquisition": 0.0,
            "Gain On Sale Of Security": -7001000000.0,
            "Net Non Operating Interest Income Expense": -426000000.0,
            "Interest Expense Non Operating": 565000000.0,
            "Interest Income Non Operating": 139000000.0,
            "Operating Income": -1832000000.0,
            "Operating Expense": 14050000000.0,
            "Other Operating Expenses": 2413000000.0,
            "Depreciation Amortization Depletion Income Statement": 947000000.0,
            "Depreciation And Amortization In Income Statement": 947000000.0,
            "Research And Development": 2798000000.0,
            "Selling General And Administration": 7892000000.0,
            "Selling And Marketing Expense": 4756000000.0,
            "General And Administrative Expense": 3136000000.0,
            "Other Gand A": 3136000000.0,
            "Gross Profit": 12218000000.0,
            "Cost Of Revenue": 19659000000.0,
            "Total Revenue": 31877000000.0,
            "Operating Revenue": 31877000000.0
          },
          "2021-12-31 00:00:00": {
            "Tax Effect Of Unusual Items": 856440000.0,
            "Tax Rate For Calcs": 0.27,
            "Normalized EBITDA": -2812000000.0,
            "Total Unusual Items": 3172000000.0,
            "Total Unusual Items Excluding Goodwill": 3172000000.0,
            "Net Income From Continuing Operation Net Minority Interest": -496000000.0,
            "Reconciled Depreciation": 902000000.0,
            "Reconciled Cost Of Revenue": 9351000000.0,
            "EBITDA": 360000000.0,
            "EBIT": -542000000.0,
            "Net Interest Income": -446000000.0,
            "Interest Expense": 483000000.0,
            "Interest Income": 37000000.0,
            "Normalized Income": -2811560000.0,
            "Net Income From Continuing And Discontinued Operation": -496000000.0,
            "Total Expenses": 21289000000.0,
            "Total Operating Income As Reported": -3834000000.0,
            "Diluted Average Shares": 1895519000.0,
            "Basic Average Shares": 1892546000.0,
            "Diluted EPS": -0.29,
            "Basic EPS": -0.26,
            "Diluted NI Availto Com Stockholders": -540000000.0,
            "Average Dilution Earnings": -44000000.0,
            "Net Income Common Stockholders": -496000000.0,
            "Net Income": -496000000.0,
            "Minority Interests": 74000000.0,
            "Net Income Including Noncontrolling Interests": -570000000.0,
            "Net Income Continuous Operations": -570000000.0,
            "Earnings From Equity Interest Net Of Tax": -37000000.0,
            "Tax Provision": -492000000.0,
            "Pretax Income": -1025000000.0,
            "Other Income Expense": 3255000000.0,
            "Other Non Operating Income Expenses": 83000000.0,
            "Special Income Charges": 1684000000.0,
            "Gain On Sale Of Business": 1684000000.0,
            "Write Off": 0.0,
            "Restructuring And Mergern Acquisition": NaN,
            "Gain On Sale Of Security": 1488000000.0,
            "Net Non Operating Interest Income Expense": -446000000.0,
            "Interest Expense Non Operating": 483000000.0,
            "Interest Income Non Operating": 37000000.0,
            "Operating Income": -3834000000.0,
            "Operating Expense": 11938000000.0,
            "Other Operating Expenses": 1877000000.0,
            "Depreciation Amortization Depletion Income Statement": 902000000.0,
            "Depreciation And Amortization In Income Statement": 902000000.0,
            "Research And Development": 2054000000.0,
            "Selling General And Administration": 7105000000.0,
            "Selling And Marketing Expense": 4789000000.0,
            "General And Administrative Expense": 2316000000.0,
            "Other Gand A": 2316000000.0,
            "Gross Profit": 8104000000.0,
            "Cost Of Revenue": 9351000000.0,
            "Total Revenue": 17455000000.0,
            "Operating Revenue": 17447000000.0
          }
        },
        "cashflow": {
          "2024-12-31 00:00:00": {
            "Free Cash Flow": 6895000000.0,
            "Repurchase Of Capital Stock": -1252000000.0,
            "Repayment Of Debt": -4158000000.0,
            "Issuance Of Debt": 3972000000.0,
            "Issuance Of Capital Stock": 0.0,
            "Capital Expenditure": -242000000.0,
            "Interest Paid Supplemental Data": 475000000.0,
            "Income Tax Paid Supplemental Data": 324000000.0,
            "End Cash Position": 8610000000.0,
            "Other Cash Adjustment Outside Changein Cash": NaN,
            "Beginning Cash Position": 7004000000.0,
            "Effect Of Exchange Rate Changes": -267000000.0,
            "Changes In Cash": 1873000000.0,
            "Financing Cash Flow": -2087000000.0,
            "Cash Flow From Continuing Financing Activities": -2087000000.0,
            "Net Other Financing Charges": -805000000.0,
            "Proceeds From Stock Option Exercised": 156000000.0,
            "Net Preferred Stock Issuance": NaN,
            "Preferred Stock Issuance": NaN,
            "Net Common Stock Issuance": -1252000000.0,
            "Common Stock Payments": -1252000000.0,
            "Common Stock Issuance": 0.0,
            "Net Issuance Payments Of Debt": -186000000.0,
            "Net Long Term Debt Issuance": -186000000.0,
            "Long Term Debt Payments": -4158000000.0,
            "Long Term Debt Issuance": 3972000000.0,
            "Investing Cash Flow": -3177000000.0,
            "Cash Flow From Continuing Investing Activities": -3177000000.0,
            "Net Other Investing Changes": -102000000.0,
            "Net Investment Purchase And Sale": -2850000000.0,
            "Sale Of Investment": 10204000000.0,
            "Purchase Of Investment": -13054000000.0,
            "Net Business Purchase And Sale": 17000000.0,
            "Sale Of Business": 17000000.0,
            "Purchase Of Business": 0.0,
            "Net PPE Purchase And Sale": -242000000.0,
            "Purchase Of PPE": -242000000.0,
            "Operating Cash Flow": 7137000000.0,
            "Cash Flow From Continuing Operating Activities": 7137000000.0,
            "Change In Working Capital": 2374000000.0,
            "Change In Other Working Capital": NaN,
            "Change In Other Current Liabilities": -221000000.0,
            "Change In Other Current Assets": 196000000.0,
            "Change In Payables And Accrued Expense": 3235000000.0,
            "Change In Accrued Expense": 3149000000.0,
            "Change In Payable": 86000000.0,
            "Change In Account Payable": 86000000.0,
            "Change In Prepaid Assets": -694000000.0,
            "Change In Receivables": -142000000.0,
            "Changes In Account Receivables": -142000000.0,
            "Other Non Cash Items": -163000000.0,
            "Stock Based Compensation": 1796000000.0,
            "Unrealized Gain Loss On Investment Securities": -1832000000.0,
            "Asset Impairment Charge": 61000000.0,
            "Deferred Tax": -6027000000.0,
            "Deferred Income Tax": -6027000000.0,
            "Depreciation Amortization Depletion": 737000000.0,
            "Depreciation And Amortization": 737000000.0,
            "Operating Gains Losses": 346000000.0,
            "Earnings Losses From Equity Investments": 38000000.0,
            "Gain Loss On Investment Securities": NaN,
            "Net Foreign Currency Exchange Gain Loss": 308000000.0,
            "Gain Loss On Sale Of Business": 0.0,
            "Net Income From Continuing Operations": 9845000000.0
          },
          "2023-12-31 00:00:00": {
            "Free Cash Flow": 3362000000.0,
            "Repurchase Of Capital Stock": 0.0,
            "Repayment Of Debt": -2871000000.0,
            "Issuance Of Debt": 2824000000.0,
            "Issuance Of Capital Stock": 0.0,
            "Capital Expenditure": -223000000.0,
            "Interest Paid Supplemental Data": 629000000.0,
            "Income Tax Paid Supplemental Data": 234000000.0,
            "End Cash Position": 7004000000.0,
            "Other Cash Adjustment Outside Changein Cash": 0.0,
            "Beginning Cash Position": 6677000000.0,
            "Effect Of Exchange Rate Changes": 63000000.0,
            "Changes In Cash": 264000000.0,
            "Financing Cash Flow": -95000000.0,
            "Cash Flow From Continuing Financing Activities": -95000000.0,
            "Net Other Financing Charges": -178000000.0,
            "Proceeds From Stock Option Exercised": 130000000.0,
            "Net Preferred Stock Issuance": NaN,
            "Preferred Stock Issuance": NaN,
            "Net Common Stock Issuance": 0.0,
            "Common Stock Payments": 0.0,
            "Common Stock Issuance": 0.0,
            "Net Issuance Payments Of Debt": -47000000.0,
            "Net Long Term Debt Issuance": -47000000.0,
            "Long Term Debt Payments": -2871000000.0,
            "Long Term Debt Issuance": 2824000000.0,
            "Investing Cash Flow": -3226000000.0,
            "Cash Flow From Continuing Investing Activities": -3226000000.0,
            "Net Other Investing Changes": 33000000.0,
            "Net Investment Purchase And Sale": -3757000000.0,
            "Sale Of Investment": 5069000000.0,
            "Purchase Of Investment": -8826000000.0,
            "Net Business Purchase And Sale": 721000000.0,
            "Sale Of Business": 721000000.0,
            "Purchase Of Business": 0.0,
            "Net PPE Purchase And Sale": -223000000.0,
            "Purchase Of PPE": -223000000.0,
            "Operating Cash Flow": 3585000000.0,
            "Cash Flow From Continuing Operating Activities": 3585000000.0,
            "Change In Working Capital": 165000000.0,
            "Change In Other Working Capital": 2015000000.0,
            "Change In Other Current Liabilities": -180000000.0,
            "Change In Other Current Assets": 191000000.0,
            "Change In Payables And Accrued Expense": 2374000000.0,
            "Change In Accrued Expense": 2310000000.0,
            "Change In Payable": 64000000.0,
            "Change In Account Payable": 64000000.0,
            "Change In Prepaid Assets": -1462000000.0,
            "Change In Receivables": -758000000.0,
            "Changes In Account Receivables": -758000000.0,
            "Other Non Cash Items": -48000000.0,
            "Stock Based Compensation": 1935000000.0,
            "Unrealized Gain Loss On Investment Securities": -1610000000.0,
            "Asset Impairment Charge": 178000000.0,
            "Deferred Tax": 26000000.0,
            "Deferred Income Tax": 26000000.0,
            "Depreciation Amortization Depletion": 823000000.0,
            "Depreciation And Amortization": 823000000.0,
            "Operating Gains Losses": -40000000.0,
            "Earnings Losses From Equity Investments": -48000000.0,
            "Gain Loss On Investment Securities": 74000000.0,
            "Net Foreign Currency Exchange Gain Loss": 138000000.0,
            "Gain Loss On Sale Of Business": -204000000.0,
            "Net Income From Continuing Operations": 2156000000.0
          },
          "2022-12-31 00:00:00": {
            "Free Cash Flow": 390000000.0,
            "Repurchase Of Capital Stock": 0.0,
            "Repayment Of Debt": -264000000.0,
            "Issuance Of Debt": 0.0,
            "Issuance Of Capital Stock": 255000000.0,
            "Capital Expenditure": -252000000.0,
            "Interest Paid Supplemental Data": 513000000.0,
            "Income Tax Paid Supplemental Data": 175000000.0,
            "End Cash Position": 6677000000.0,
            "Other Cash Adjustment Outside Changein Cash": 0.0,
            "Beginning Cash Position": 7805000000.0,
            "Effect Of Exchange Rate Changes": -148000000.0,
            "Changes In Cash": -980000000.0,
            "Financing Cash Flow": 15000000.0,
            "Cash Flow From Continuing Financing Activities": 15000000.0,
            "Net Other Financing Charges": -68000000.0,
            "Proceeds From Stock Option Exercised": 92000000.0,
            "Net Preferred Stock Issuance": NaN,
            "Preferred Stock Issuance": NaN,
            "Net Common Stock Issuance": 255000000.0,
            "Common Stock Payments": 0.0,
            "Common Stock Issuance": 255000000.0,
            "Net Issuance Payments Of Debt": -264000000.0,
            "Net Long Term Debt Issuance": -264000000.0,
            "Long Term Debt Payments": -264000000.0,
            "Long Term Debt Issuance": 0.0,
            "Investing Cash Flow": -1637000000.0,
            "Cash Flow From Continuing Investing Activities": -1637000000.0,
            "Net Other Investing Changes": -6000000.0,
            "Net Investment Purchase And Sale": -1346000000.0,
            "Sale Of Investment": 376000000.0,
            "Purchase Of Investment": -1722000000.0,
            "Net Business Purchase And Sale": -33000000.0,
            "Sale Of Business": 26000000.0,
            "Purchase Of Business": -59000000.0,
            "Net PPE Purchase And Sale": -252000000.0,
            "Purchase Of PPE": -252000000.0,
            "Operating Cash Flow": 642000000.0,
            "Cash Flow From Continuing Operating Activities": 642000000.0,
            "Change In Working Capital": 335000000.0,
            "Change In Other Working Capital": 736000000.0,
            "Change In Other Current Liabilities": -215000000.0,
            "Change In Other Current Assets": 193000000.0,
            "Change In Payables And Accrued Expense": 1095000000.0,
            "Change In Accrued Expense": 1228000000.0,
            "Change In Payable": -133000000.0,
            "Change In Account Payable": -133000000.0,
            "Change In Prepaid Assets": -196000000.0,
            "Change In Receivables": -542000000.0,
            "Changes In Account Receivables": -542000000.0,
            "Other Non Cash Items": -7000000.0,
            "Stock Based Compensation": 1793000000.0,
            "Unrealized Gain Loss On Investment Securities": 7045000000.0,
            "Asset Impairment Charge": 324000000.0,
            "Deferred Tax": -441000000.0,
            "Deferred Income Tax": -441000000.0,
            "Depreciation Amortization Depletion": 947000000.0,
            "Depreciation And Amortization": 947000000.0,
            "Operating Gains Losses": -216000000.0,
            "Earnings Losses From Equity Investments": -107000000.0,
            "Gain Loss On Investment Securities": -191000000.0,
            "Net Foreign Currency Exchange Gain Loss": 96000000.0,
            "Gain Loss On Sale Of Business": -14000000.0,
            "Net Income From Continuing Operations": -9138000000.0
          },
          "2021-12-31 00:00:00": {
            "Free Cash Flow": -743000000.0,
            "Repurchase Of Capital Stock": NaN,
            "Repayment Of Debt": -842000000.0,
            "Issuance Of Debt": 1766000000.0,
            "Issuance Of Capital Stock": 675000000.0,
            "Capital Expenditure": -298000000.0,
            "Interest Paid Supplemental Data": 449000000.0,
            "Income Tax Paid Supplemental Data": 87000000.0,
            "End Cash Position": 7805000000.0,
            "Other Cash Adjustment Outside Changein Cash": 349000000.0,
            "Beginning Cash Position": 7391000000.0,
            "Effect Of Exchange Rate Changes": -69000000.0,
            "Changes In Cash": 134000000.0,
            "Financing Cash Flow": 1780000000.0,
            "Cash Flow From Continuing Financing Activities": 1780000000.0,
            "Net Other Financing Charges": 74000000.0,
            "Proceeds From Stock Option Exercised": 107000000.0,
            "Net Preferred Stock Issuance": 675000000.0,
            "Preferred Stock Issuance": 675000000.0,
            "Net Common Stock Issuance": 675000000.0,
            "Common Stock Payments": NaN,
            "Common Stock Issuance": 675000000.0,
            "Net Issuance Payments Of Debt": 924000000.0,
            "Net Long Term Debt Issuance": 924000000.0,
            "Long Term Debt Payments": -842000000.0,
            "Long Term Debt Issuance": 1766000000.0,
            "Investing Cash Flow": -1201000000.0,
            "Cash Flow From Continuing Investing Activities": -1201000000.0,
            "Net Other Investing Changes": -285000000.0,
            "Net Investment Purchase And Sale": 696000000.0,
            "Sale Of Investment": 2791000000.0,
            "Purchase Of Investment": -2095000000.0,
            "Net Business Purchase And Sale": -1314000000.0,
            "Sale Of Business": 1000000000.0,
            "Purchase Of Business": -2314000000.0,
            "Net PPE Purchase And Sale": -298000000.0,
            "Purchase Of PPE": -298000000.0,
            "Operating Cash Flow": -445000000.0,
            "Cash Flow From Continuing Operating Activities": -445000000.0,
            "Change In Working Capital": 1682000000.0,
            "Change In Other Working Capital": 1376000000.0,
            "Change In Other Current Liabilities": -184000000.0,
            "Change In Other Current Assets": 165000000.0,
            "Change In Payables And Accrued Expense": 1158000000.0,
            "Change In Accrued Expense": 1068000000.0,
            "Change In Payable": 90000000.0,
            "Change In Account Payable": 90000000.0,
            "Change In Prepaid Assets": -236000000.0,
            "Change In Receivables": -597000000.0,
            "Changes In Account Receivables": -597000000.0,
            "Other Non Cash Items": 4000000.0,
            "Stock Based Compensation": 1168000000.0,
            "Unrealized Gain Loss On Investment Securities": -1142000000.0,
            "Asset Impairment Charge": 225000000.0,
            "Deferred Tax": -692000000.0,
            "Deferred Income Tax": -692000000.0,
            "Depreciation Amortization Depletion": 902000000.0,
            "Depreciation And Amortization": 902000000.0,
            "Operating Gains Losses": -2022000000.0,
            "Earnings Losses From Equity Investments": 37000000.0,
            "Gain Loss On Investment Securities": -413000000.0,
            "Net Foreign Currency Exchange Gain Loss": 38000000.0,
            "Gain Loss On Sale Of Business": -1684000000.0,
            "Net Income From Continuing Operations": -570000000.0
          }
        },
        "annual_revenue": {
          "2024-12-31 00:00:00": 43978000000.0,
          "2023-12-31 00:00:00": 37281000000.0,
          "2022-12-31 00:00:00": 31877000000.0,
          "2021-12-31 00:00:00": 17455000000.0
        },
        "recent_annual_growth": 17.963573938467317,
        "quarterly_revenue": {
          "2025-09-30 00:00:00": 13467000000.0,
          "2025-06-30 00:00:00": 12651000000.0,
          "2025-03-31 00:00:00": 11533000000.0,
          "2024-12-31 00:00:00": 11959000000.0,
          "2024-09-30 00:00:00": 11188000000.0
        },
        "recent_quarterly_growth": 6.450082997391511,
        "current_revenue": 49609998336,
        "revenue_growth": 0.204,
        "quarterly_revenue_growth": 0
      },
      "free_cash_flow": 6895000000.0,
      "total_debt": 13340000256,
      "total_cash": 9086000128,
      "shares_outstanding": 2077830381,
      "current_price": 81.71,
      "beta": 1.192,
      "pe_ratio": 10.516088,
      "pb_ratio": 6.040511,
      "ps_ratio": 3.4347823,
      "peg_ratio": null,
      "roe": 0.72994006,
      "roa": 0.051609997,
      "debt_to_equity": 0.45755,
      "current_ratio": 1.154,
      "revenue_growth": 0.204,
      "earnings_growth": 1.585,
      "dividend_yield": null,
      "payout_ratio": 0.0,
      "profit_margin": 33.542,
      "quick_ratio": 0.98,
      "book_value_per_share": 13.527,
      "cash_per_share": 4.373,
      "fifty_two_week_high": 101.99,
      "fifty_two_week_low": 60.63
    },
    "quality_score": {
      "quality_score": 85,
      "grade": "A",
      "data_quality": "High",
      "missing_penalty": 0
    },
    "analyses": {
      "competitive_position": {
        "method": "Competitive Position Analysis",
        "applicable": true,
        "overall_position_score": 8.2,
        "competitive_strength": "Strong",
        "market_share_estimate": 0.08,
        "position_trend": "Strengthening",
        "key_differentiators": [
          "Scale Economics",
          "Technology Leadership",
          "Network Effects",
          "Superior Profitability"
        ],
        "competitive_advantages": [
          "Scale Economics",
          "Technology Leadership",
          "Financial Performance",
          "Network Effects"
        ],
        "competitive_threats": [
          "Technology Disruption"
        ],
        "strategic_risks": [
          "Technology Disruption"
        ],
        "confidence": "Medium",
        "recommendation": "Strong Buy",
        "analysis_type": "competitive_position",
        "current_price": 81.71
      },
      "technical": {
        "method": "Technical Analysis",
        "current_price": 81.71,
        "predicted_price": 106.49694849381488,
        "price_targets": {
          "short_term": 72.41489305596932,
          "medium_term": 88.50240036010742,
          "support_level": 57.59850101470947
        },
        "recommendation": "Buy",
        "ma_20": 84.01150054931641,
        "ma_50": 88.50240036010742,
        "ma_200": 87.96830024719239,
        "trend": "Downtrend",
        "volatility_annual": 0.3791908837209326,
        "high_52w": 101.98999786376953,
        "low_52w": 60.630001068115234,
        "distance_from_high": -0.19884301602187845,
        "distance_from_low": 0.3476826265049037,
        "volume_trend": "Average Daily Volume:20479052.0, Trend: Below Average",
        "rsi_14": 40.55406346963637,
        "macd_line": -2.1615005228407824,
        "macd_signal": -2.3915820107649695,
        "macd_histogram": 0.23008148792418703,
        "bb_upper": 92.8984892233412,
        "bb_lower": 75.12451187529162,
        "stoch_k": 33.84934641740999,
        "stoch_d": 27.22362348063814,
        "technical_signals": {
          "recommendation": "Buy",
          "bullish_signals": 4,
          "bearish_signals": 2,
          "net_signal": 2,
          "signal_details": [
            "MA downtrend",
            "RSI bullish zone",
            "MACD bullish crossover",
            "MACD histogram positive"
          ]
        },
        "chart_data": {
          "prices": [
            90.68000030517578,
            90.98999786376953,
            91.31999969482422,
            92.56999969482422,
            89.06999969482422,
            84.16000366210938,
            85.44000244140625,
            85.11000061035156,
            81.86000061035156,
            80.91999816894531,
            79.13999938964844,
            79.69000244140625,
            79.30999755859375,
            81.26000213623047,
            80.97000122070312,
            81.1500015258789,
            81.26000213623047,
            81.5,
            82.12000274658203,
            81.70999908447266
          ],
          "dates": [
            "12/03",
            "12/04",
            "12/05",
            "12/08",
            "12/09",
            "12/10",
            "12/11",
            "12/12",
            "12/15",
            "12/16",
            "12/17",
            "12/18",
            "12/19",
            "12/22",
            "12/23",
            "12/24",
            "12/26",
            "12/29",
            "12/30",
            "12/31"
          ]
        },
        "analysis_type": "technical"
      },
      "analyst_consensus": {
        "method": "Professional Analyst Consensus",
        "applicable": true,
        "current_price": 81.71,
        "predicted_price": 111.844,
        "target_high": 150.0,
        "target_low": 78.0,
        "upside_downside_pct": 36.87920695141354,
        "recommendation": "Buy",
        "recommendation_mean": 1.53704,
        "num_analysts": 50,
        "confidence": "High",
        "analysis_type": "analyst_consensus"
      },
      "management_quality": {
        "method": "Management Quality Analysis",
        "applicable": true,
        "overall_quality_score": 6.5,
        "management_quality": "Good",
        "governance_risk": "High",
        "executive_count": 5,
        "insider_ownership": 0.00449,
        "strengths": [
          "Strong financial performance under current management"
        ],
        "concerns": [
          "High governance risk requires attention",
          "Very low insider ownership may indicate lack of alignment"
        ],
        "key_insights": [
          "Leadership team of 5 key executives identified",
          "Average executive compensation: $3,065,762"
        ],
        "confidence": "Medium",
        "recommendation": "Buy",
        "analysis_type": "management_quality",
        "current_price": 81.71
      },
      "dcf": {
        "method": "DCF Analysis",
        "applicable": true,
        "predicted_price": 205.81751319981814,
        "current_price": 81.71,
        "upside_downside_pct": 151.88778998876288,
        "total_equity_value": 427653881868.4506,
        "confidence": "Medium",
        "valuation": "Undervalued",
        "recommendation": "Strong Buy",
        "dcf_calculations": {
          "wacc": 0.07358072621865461,
          "cost_equity": 0.08736704,
          "ev_ebitda_multiple": 33.085,
          "ev_ebitda_multiple_used": 24.200000000000003,
          "fcf_cagr": 0.275,
          "ebitda_cagr": 0.275,
          "fcf_future": 23231924859.814445,
          "ebitda_future": 18144150162.451164,
          "terminal_value_pg": 623239751725.6079,
          "terminal_value_ebitda_multiple": 439088433931.31824,
          "average_terminal_value": 531164092828.4631,
          "adjusted_terminal_value": 531164092828.4631,
          "terminal_adjustment_factor": 1.0,
          "projected_free_cash_flows": [
            8791125000.0,
            11208684375.0,
            14291072578.124998,
            18221117537.10937,
            23231924859.814445
          ],
          "present_value_free_cash_flows": [
            8188601737.443566,
            9724901873.018679,
            11549434136.891796,
            13716275045.662392,
            16289646652.67076
          ],
          "pv_fcf": 59468859445.687195,
          "pv_terminal_value": 372439022550.7634,
          "enterprise_value": 431907881996.4506,
          "adjusted_debt": 4254000128,
          "equity_value": 427653881868.4506,
          "share_price": 205.81751319981814,
          "ticker_symbol": "UBER",
          "last_close_price": 82.12,
          "confidence": "Medium",
          "terminal_ratio": 0.8993133396693994
        },
        "parameters_used": {
          "max_cagr": "27.5%",
          "terminal_growth": "3.5%",
          "sector": "Technology",
          "industry": "Software - Application",
          "quality_adjustment": "A",
          "valuation_discount": null
        },
        "analysis_type": "dcf"
      },
      "news_sentiment": {
        "method": "News Sentiment Analysis",
        "applicable": true,
        "overall_sentiment_score": -0.030000000000000006,
        "sentiment_rating": "Neutral",
        "news_count": 5,
        "recent_news": [
          {
            "title": "Uber swerves Rachel Reeves\u2019s \u2018taxi tax\u2019",
            "summary": "Uber is to avoid paying hundreds of millions of pounds under Rachel Reeves\u2019s new \u201ctaxi tax\u201d by rewriting drivers\u2019 contracts.",
            "date": "2026-01-01",
            "source": "The Telegraph",
            "url": "https://www.telegraph.co.uk/business/2026/01/01/uber-swerves-rachel-reeves-taxi-tax/",
            "sentiment": "neutral",
            "sentiment_score": -0.4
          },
          {
            "title": "Robo-Taxis and Home Runs? 40 \u2019Forgotten\u2019 Stocks for 2026.",
            "summary": "Uber Technologies and the Braves are on the latest Forgotten Forty list of value stocks from John Boyar.",
            "date": "2025-12-31",
            "source": "Barrons.com",
            "url": "https://www.barrons.com/articles/boyar-forgotten-40-stock-picks-fc082336?siteid=yhoof2&yptr=yahoo",
            "sentiment": "neutral",
            "sentiment_score": 0.0
          },
          {
            "title": "Are Options Traders Betting on a Big Move in Uber Technologies Stock?",
            "summary": "Investors need to pay close attention to UBER stock based on the movements in the options market lately.",
            "date": "2025-12-31",
            "source": "Zacks",
            "url": "https://finance.yahoo.com/news/options-traders-betting-big-move-133600350.html",
            "sentiment": "neutral",
            "sentiment_score": 0.0
          },
          {
            "title": "Robotaxis Break Through Rider Resistance as Operators Vie for Dominance",
            "summary": "Despite initial concern from motorists, robotaxi services are finding plenty of passengers as they expand across the country.",
            "date": "2025-12-31",
            "source": "The Daily Upside",
            "url": "https://www.thedailyupside.com/industries/autos/robotaxis-break-through-rider-resistance-as-operators-vie-for-dominance/",
            "sentiment": "neutral",
            "sentiment_score": -0.15000000000000002
          },
          {
            "title": "Here\u2019s What Wall Street Thinks about Uber Technologies\u2019 (UBER) AV Expansion in UAE",
            "summary": "Uber Technologies, Inc. (NYSE:UBER) is among the Stocks That Will Make You Rich in 2026. Wall Street has a positive outlook on the stock since the company announced expanding its AV footprint in the UAE. Analysts\u2019 12 month price target reflects more than 35% upside from the current levels. Since the announcement, several analysts have [\u2026]",
            "date": "2025-12-30",
            "source": "Insider Monkey",
            "url": "https://finance.yahoo.com/news/wall-street-thinks-uber-technologies-050023072.html",
            "sentiment": "neutral",
            "sentiment_score": 0.4
          }
        ],
        "key_developments": [],
        "sentiment_drivers": [
          "Positive coverage in 1 recent news items"
        ],
        "risk_factors": [
          "Negative sentiment in 1 recent news items"
        ],
        "overall_summary": [
          "The overall sentiment score is slightly negative due to concerns over Uber's potential 'taxi tax' and rider resistance to robotaxis, with articles like 'Uber swerves Rachel Reeves\u2019s \u2018taxi tax\u2019' and 'Robotaxis Break Through Rider Resistance as Operators Vie for Dominance' contributing to the negative score",
          "Neutral articles such as 'Robo-Taxis and Home Runs? 40 \u2019Forgotten\u2019 Stocks for 2026' and 'Are Options Traders Betting on a Big Move in Uber Technologies Stock?' balance out the sentiment, indicating a stable market reaction to recent developments",
          "However, positive sentiments from articles like 'Here\u2019s What Wall Street Thinks about Uber Technologies\u2019 (UBER) AV Expansion in UAE' suggest a promising future outlook for Uber's autonomous vehicle expansion, which helps to offset the negative sentiments",
          "The overall sentiment score of -0.03 indicates a near-neutral market sentiment, with both positive and negative factors being closely balanced, suggesting that investors are cautiously optimistic about the future of Uber and the ride-hailing industry"
        ],
        "confidence": "Medium",
        "recommendation": "Hold",
        "analysis_type": "news_sentiment",
        "current_price": 81.71
      },
      "ai_insights": {
        "method": "AI Insights Analysis",
        "applicable": true,
        "current_price": 81.71,
        "predicted_price": 102.13749999999999,
        "recommendation": "Strong Buy",
        "confidence": "High",
        "ai_insights": {
          "market_position": "Strong",
          "growth_prospects": "High",
          "competitive_advantage": "Strong",
          "management_quality": "Excellent",
          "industry_outlook": "Positive",
          "key_strengths": [
            "Diversified portfolio with multiple revenue streams, including ride-hailing, food delivery, and logistics",
            "Strong brand recognition and large global user base"
          ],
          "key_risks": [
            "Intense competition in the ride-hailing and food delivery markets, which could lead to pricing pressure and decreased margins",
            "Regulatory risks, including potential changes to laws and regulations governing the company's operations in various countries"
          ],
          "ai_method": "LLM"
        },
        "revenue_trends": {
          "trend_assessment": "Strong Growth",
          "growth_rate": 20.4,
          "growth_consistency": "Consistent",
          "future_outlook": "Very Positive",
          "ai_method": "LLM"
        },
        "market_analysis": {
          "market_cap_category": "Large Cap",
          "sector": "Technology",
          "industry": "Software - Application",
          "beta": 1.192
        },
        "ai_methods_used": {
          "insights": "LLM",
          "revenue_trends": "LLM"
        },
        "risk_factors": [],
        "analysis_type": "ai_insights"
      },
      "comparable": {
        "method": "Comparable Analysis",
        "applicable": true,
        "target_multiples": {
          "pe": 38.5,
          "ps": 8.8,
          "pb": 4.4,
          "ev_ebitda": 24.200000000000003
        },
        "fair_values": {
          "pe_fair_value": 308.32160596847103,
          "ps_fair_value": 210.10761482209747
        },
        "predicted_price": 259.21461039528424,
        "current_price": 81.71,
        "upside_downside_pct": 217.23731537790266,
        "recommendation": "Strong Buy",
        "confidence": "Medium",
        "sector": "Technology",
        "industry": "Software - Application",
        "parameters_used": {
          "pe_multiple": "38.5x",
          "ps_multiple": "8.8x",
          "quality_adjustment": "A"
        },
        "peer_tickers": [
          "MSFT",
          "ORCL",
          "CRM",
          "ADBE"
        ],
        "peer_averages": {
          "pe_ratio": 31.825255249999998,
          "ps_ratio": 8.478639125,
          "pb_ratio": 11.328183075,
          "ev_ebitda": 20.91375,
          "roe": 0.422192505,
          "profit_margin": 0.272242505
        },
        "current_multiples": {
          "pe_ratio": 10.516088,
          "ps_ratio": 3.4347823,
          "pb_ratio": 6.040511,
          "ev_ebitda": 33.085,
          "roe": 0.72994006,
          "profit_margin": 0.33542
        },
        "relative_position": {
          "pe_ratio": "Discount",
          "ps_ratio": "Discount",
          "pb_ratio": "Discount",
          "ev_ebitda": "Premium",
          "roe": "Superior",
          "profit_margin": "Superior"
        },
        "peer_insights": [
          "Trading at discount to peer group",
          "Superior profitability vs peers"
        ],
        "analysis_type": "comparable"
      },
      "business_model": {
        "method": "Business Model Analysis",
        "applicable": true,
        "business_model_type": "Platform",
        "primary_revenue_stream": "Mixed",
        "revenue_quality": "Excellent",
        "recurring_percentage": 0.40473646599505,
        "scalability_score": 8.5,
        "growth_consistency": null,
        "strengths": [
          "Diversified product portfolio reduces concentration risk",
          "Strong innovation capabilities drive competitive advantage",
          "High cross-selling potential enhances customer lifetime value",
          "Strong brand provides pricing power and market position"
        ],
        "risks": [
          "Low switching costs increase customer churn risk",
          "Competitive threat: Increasing competition from new entrants and regional players",
          "Competitive threat: Regulatory challenges and potential changes in laws and policies"
        ],
        "competitive_moat": "Strong - Network effects and ecosystem lock-in",
        "confidence": "Medium",
        "recommendation": "Strong Buy",
        "product_portfolio": {
          "product_breadth": "Broad",
          "product_depth": "Deep",
          "core_products": [
            "Uber Rides",
            "Uber Eats",
            "Uber Freight"
          ],
          "innovation_level": "High",
          "cross_selling_potential": "High",
          "product_strengths": [
            "Global Presence",
            "Diversified Services"
          ],
          "product_weaknesses": [
            "Regulatory Challenges",
            "Intense Competition"
          ],
          "data_source": "SEC Filing + LLM Analysis"
        },
        "competitive_differentiation": {
          "differentiation_strategy": "Hybrid",
          "competitive_advantages": [
            "Large global network of drivers and riders",
            "Diversified portfolio of services (Uber Rides, Uber Eats, Uber Freight)",
            "Strong brand recognition and customer loyalty"
          ],
          "unique_value_propositions": [
            "Convenient, reliable, and affordable transportation and food delivery services",
            "Real-time tracking and transparent pricing for users"
          ],
          "key_competitors": [
            "Lyft, Inc.",
            "DoorDash, Inc.",
            "GrubHub Inc."
          ],
          "competitive_positioning": "Leader",
          "barriers_to_entry": [
            "High regulatory hurdles and licensing requirements",
            "Significant investment in technology and infrastructure"
          ],
          "switching_costs": "Low",
          "brand_strength": "Strong",
          "technology_moat": "Moderate",
          "distribution_advantages": [
            "Wide availability of Uber services across the globe",
            "Strategic partnerships with restaurants, retailers, and other businesses"
          ],
          "competitive_threats": [
            "Increasing competition from new entrants and regional players",
            "Regulatory challenges and potential changes in laws and policies"
          ]
        },
        "segment_revenue_data": {
          "primary_segments": [
            {
              "segment_name": "Mobility",
              "revenue_percentage": 83.1,
              "growth_trend": "Growing",
              "margin_profile": "Medium"
            },
            {
              "segment_name": "Delivery",
              "revenue_percentage": 13.4,
              "growth_trend": "Growing",
              "margin_profile": "Low"
            },
            {
              "segment_name": "Freight",
              "revenue_percentage": 2.2,
              "growth_trend": "Growing",
              "margin_profile": "Low"
            },
            {
              "segment_name": "Other",
              "revenue_percentage": 1.3,
              "growth_trend": "Stable",
              "margin_profile": "Medium"
            }
          ],
          "revenue_diversification": "Medium",
          "fastest_growing_segment": "Delivery",
          "largest_segment": "Mobility",
          "segment_risks": [
            "Regulatory risks in key markets",
            "Intense competition in the ride-hailing industry",
            "Dependence on independent contractors"
          ],
          "cross_segment_synergies": [
            "Integration of Mobility and Delivery services to enhance customer experience",
            "Leveraging data analytics across segments to improve operational efficiency"
          ]
        },
        "sec_edgar_data": {
          "ticker": "UBER",
          "data_available": true,
          "cik": 1543151,
          "filing_facts": {
            "total_xbrl_fields": 444,
            "entity_name": "UBER TECHNOLOGIES, INC.",
            "cik": 1543151
          },
          "segment_fields_count": 2,
          "latest_10k": {
            "form": "10-K",
            "filing_date": "2025-02-14",
            "accession_number": "0001543151-25-000008",
            "primary_document": "uber-20241231.htm"
          },
          "business_description": {
            "filing_date": "2025-02-14",
            "description_length": 19,
            "data_source": "SEC 10-K Filing"
          },
          "segment_data": {
            "ticker": "UBER",
            "segment_data": {
              "primary_segments": [
                {
                  "segment_name": "Total Company",
                  "revenue": 3166000000,
                  "revenue_percentage": 100.0,
                  "operating_income": 3791000000,
                  "operating_margin": 119.74,
                  "margin_profile": "High"
                }
              ],
              "total_revenue": 3166000000,
              "total_operating_income": 3791000000
            },
            "data_source": "SEC EDGAR XBRL"
          },
          "management_data": {
            "ticker": "UBER",
            "cik": 1543151,
            "management_metrics": {
              "proxy_filings_found": 2,
              "latest_proxy_date": "2025-03-24",
              "executive_compensation_disclosed": true,
              "board_composition_disclosed": true,
              "insider_ownership_disclosed": true
            },
            "data_source": "SEC EDGAR"
          }
        },
        "analysis_type": "business_model",
        "current_price": 81.71
      },
      "industry_analysis": {
        "method": "Enhanced Industry Analysis",
        "applicable": true,
        "sector": "Technology",
        "industry": "Software - Application",
        "recommendation": "Buy",
        "confidence": "High",
        "predicted_price": null,
        "industry_outlook": "Very Positive",
        "competitive_position": "Market Leader",
        "market_catalysts": [
          "**Increased Focus on Data Protection (Regulatory/Policy, Ongoing)**",
          "**Growing Importance of Cybersecurity (Regulatory/Policy, Ongoing)**",
          "**Shift to Cloud-Based Services (Technology/Innovation, Ongoing)**",
          "**Increased Adoption of Artificial Intelligence (Technology/Innovation, Ongoing)**",
          "**Growing Demand for Sustainable Transportation (ESG/Sustainability, Ongoing)**"
        ],
        "porters_five_forces": {
          "supplier_power": {
            "level": "Medium",
            "score": 6,
            "detailed_assessment": "In the Software - Application industry, suppliers play a crucial role in providing essential components such as hardware, software development tools, and infrastructure services. UBER relies on a diverse range of suppliers, including Intel, NVIDIA, and Amazon Web Services (AWS), which provides a moderate level of bargaining power. However, the high level of competition among suppliers, such as Google Cloud and Microsoft Azure, limits their ability to dictate prices or terms.",
            "key_factors": [
              "Diversified supplier base reduces dependence on individual suppliers",
              "High competition among suppliers limits their bargaining power"
            ],
            "impact_on_company": "Moderate supplier power affects UBER's ability to negotiate favorable prices and terms, but the company's scale and market position help mitigate these effects.",
            "future_trends": "Expected growth in cloud computing and AI adoption will lead to increased competition among suppliers, further reducing their bargaining power."
          },
          "buyer_power": {
            "level": "High",
            "score": 8,
            "detailed_assessment": "In the Software - Application industry, buyers, including consumers and businesses, have significant bargaining power due to the high level of competition among providers. UBER faces intense competition from ride-hailing services like Lyft, Didi, and Grab, as well as from emerging mobility services like bike-sharing and scooter-sharing. This high level of competition forces UBER to offer competitive pricing, features, and user experiences to retain customers.",
            "key_factors": [
              "High competition among providers increases buyer bargaining power",
              "Consumer preferences and expectations drive demand for innovative features and services"
            ],
            "impact_on_company": "High buyer power affects UBER's pricing and market position, as the company must continuously innovate and improve its services to retain customers and maintain market share.",
            "future_trends": "Expected growth in mobility services and emerging technologies like autonomous vehicles will lead to increased competition and further erode buyer power."
          },
          "competitive_rivalry": {
            "level": "High",
            "score": 9,
            "detailed_assessment": "The Software - Application industry is characterized by intense competition among providers, including ride-hailing services, mobility platforms, and emerging technologies. UBER faces direct competition from Lyft, Didi, and Grab, as well as from indirect competitors like Google Maps and Apple Maps. This high level of competition drives innovation, but also leads to price wars, marketing battles, and talent wars, which can erode profitability.",
            "key_factors": [
              "High competition among providers drives innovation and market growth",
              "Emerging technologies and business models increase competition and disrupt traditional industries"
            ],
            "impact_on_company": "High competitive rivalry affects UBER's market share, profitability, and ability to innovate and adapt to changing market conditions.",
            "future_trends": "Expected growth in mobility services, autonomous vehicles, and emerging technologies will lead to increased competition and further disrupt traditional industries."
          },
          "threat_of_substitutes": {
            "level": "Medium",
            "score": 5,
            "detailed_assessment": "In the Software - Application industry, substitutes, such as public transportation, car-sharing services, and ride-hailing alternatives, pose a moderate threat to UBER's business model. However, the convenience, flexibility, and user experience offered by UBER's services make it difficult for substitutes to fully replicate its value proposition.",
            "key_factors": [
              "Convenience and flexibility of UBER's services make it difficult for substitutes to replicate",
              "Emerging technologies like autonomous vehicles and mobility-as-a-service platforms may reduce the threat of substitutes"
            ],
            "impact_on_company": "Moderate threat of substitutes affects UBER's long-term viability, but the company's ability to innovate and adapt to changing market conditions helps mitigate these effects.",
            "future_trends": "Expected growth in mobility services and emerging technologies will lead to increased competition and reduced threat of substitutes."
          },
          "barriers_to_entry": {
            "level": "Medium",
            "score": 7,
            "detailed_assessment": "In the Software - Application industry, barriers to entry, such as regulatory hurdles, high capital requirements, and economies of scale, pose a moderate challenge to new entrants. However, the rise of cloud computing, AI, and other emerging technologies has reduced the barriers to entry, making it easier for new players to enter the market.",
            "key_factors": [
              "Regulatory hurdles and high capital requirements limit new entrants",
              "Emerging technologies like cloud computing and AI reduce barriers to entry"
            ],
            "impact_on_company": "Moderate barriers to entry affect UBER's market position, as new entrants can potentially disrupt its business model and erode market share.",
            "future_trends": "Expected growth in cloud computing, AI, and other emerging technologies will lead to reduced barriers to entry and increased competition."
          },
          "overall_attractiveness": "Medium",
          "industry_profitability_outlook": "Stable",
          "strategic_implications": "Based on the Porter's Five Forces analysis, UBER faces intense competition, high buyer power, and moderate supplier power. To maintain its market position and profitability, UBER must continue to innovate and adapt to changing market conditions, invest in emerging technologies, and focus on providing exceptional user experiences. Additionally, UBER should consider strategic partnerships, acquisitions, and investments to expand its offerings and reduce competition."
        },
        "regulatory_risk": "Very High",
        "esg_score": 6,
        "market_size_estimate": "Large",
        "industry_growth_rate": 0.204,
        "industry_insights": {
          "outlook": "Very Positive",
          "outlook_reasoning": "The Software - Application sector is experiencing a very positive outlook due to the increasing adoption of digital technologies, growing demand for mobile applications, and the rise of the gig economy.",
          "growth_drivers": [
            {
              "driver": "Digital Transformation",
              "explanation": "The increasing adoption of digital technologies is driving the growth of the Software - Application sector.",
              "timeline": "2-3 years",
              "magnitude": "High"
            },
            {
              "driver": "Mobile Application Growth",
              "explanation": "The growing demand for mobile applications is driving the growth of the Software - Application sector.",
              "timeline": "2-3 years",
              "magnitude": "High"
            },
            {
              "driver": "Cloud Computing",
              "explanation": "The growing adoption of cloud computing is driving the growth of the Software - Application sector.",
              "timeline": "5-7 years",
              "magnitude": "Medium"
            }
          ],
          "headwinds": [
            {
              "headwind": "Competition",
              "explanation": "The Software - Application sector is highly competitive, with many companies offering similar products and services.",
              "severity": "High",
              "mitigation": "Companies can mitigate this challenge by focusing on innovation, building strong brands, and providing excellent customer service."
            },
            {
              "headwind": "Regulatory Challenges",
              "explanation": "The Software - Application sector is subject to various regulations, such as data protection and cybersecurity regulations.",
              "severity": "Medium",
              "mitigation": "Companies can mitigate this challenge by investing in compliance and risk management initiatives."
            }
          ],
          "market_size": "Large",
          "market_analysis": "The Software - Application sector is a large and growing market, with a global market size of over $1 trillion.",
          "maturity": "Growth",
          "maturity_reasoning": "The Software - Application sector is in the growth stage, with many companies investing heavily in research and development initiatives.",
          "cyclicality": "Medium",
          "cyclicality_analysis": "The Software - Application sector is moderately cyclical, with demand for software applications fluctuating over time.",
          "technology_disruption": "High",
          "technology_analysis": "The Software - Application sector is highly impacted by technological disruption, with new technologies such as artificial intelligence, blockchain, and the Internet of Things (IoT) changing the way companies develop and deploy software applications.",
          "supply_demand_balance": "Balanced",
          "supply_demand_reasoning": "The Software - Application sector has a balanced supply-demand dynamic, with many companies competing for market share.",
          "pricing_power": "Moderate",
          "pricing_analysis": "The Software - Application sector has moderate pricing power, with companies competing on price, quality, and innovation.",
          "capital_intensity": "Medium",
          "capital_analysis": "The Software - Application sector has medium capital intensity, with companies requiring significant investment in research and development initiatives.",
          "innovation_pace": "Rapid",
          "innovation_analysis": "The Software - Application sector is highly innovative, with companies constantly innovating and adapting to changing market conditions.",
          "globalization_impact": "High",
          "globalization_analysis": "The Software - Application sector is highly globalized, with companies competing in a global market.",
          "strategic_implications": "Companies in the Software - Application sector should focus on innovation, building strong brands, and providing excellent customer service to differentiate themselves and maintain market share."
        },
        "competitive_analysis": {
          "position": "Market Leader",
          "market_share_estimate": "High",
          "competitive_advantages": [
            "Strong Network Effects",
            "Ecosystem Lock-in",
            "Scalability",
            "Brand Recognition",
            "Customer Loyalty"
          ],
          "competitive_disadvantages": [
            "High Operating Costs",
            "Regulatory Challenges"
          ],
          "differentiation_strategy": "Hybrid (Cost Leadership and Differentiation)",
          "moat_strength": "Strong",
          "scalability_assessment": "High",
          "innovation_position": "Leading",
          "brand_recognition": "Strong",
          "customer_loyalty": "High",
          "switching_costs": "High",
          "network_effects": "Strong"
        },
        "regulatory_analysis": {
          "risk_level": "Very High",
          "score": 8,
          "detailed_assessment": "The regulatory environment for Software - Application in the Technology sector is highly complex and rapidly evolving.",
          "key_regulations": [
            {
              "regulation": "GDPR",
              "impact": "UBER must ensure the secure processing and protection of personal data, adhering to strict data protection principles.",
              "compliance_cost": "High",
              "timeline": "Implemented in 2018, with ongoing compliance requirements."
            },
            {
              "regulation": "CCPA",
              "impact": "UBER must provide consumers with data access and deletion rights, as well as implement data minimization and security measures.",
              "compliance_cost": "Medium",
              "timeline": "Implemented in 2020, with ongoing compliance requirements."
            },
            {
              "regulation": "PCI-DSS",
              "impact": "UBER must ensure the secure processing and storage of payment card information to prevent data breaches and cyber attacks.",
              "compliance_cost": "High",
              "timeline": "Ongoing compliance requirements."
            },
            {
              "regulation": "HIPAA",
              "impact": "UBER must ensure the secure processing and protection of sensitive health information, adhering to strict data protection principles.",
              "compliance_cost": "High",
              "timeline": "Implemented in 1996, with ongoing compliance requirements."
            },
            {
              "regulation": "Cybersecurity Regulations",
              "impact": "UBER must implement robust cybersecurity measures to prevent data breaches and cyber attacks, adhering to industry standards and regulations.",
              "compliance_cost": "Medium",
              "timeline": "Ongoing compliance requirements."
            }
          ],
          "regulatory_trends": [
            {
              "trend": "Increased Focus on Data Protection",
              "reasoning": "Governments and regulatory bodies are increasing their focus on data protection, with stricter regulations and enforcement.",
              "impact_on_industry": "Software - Application companies must invest in robust data protection measures to prevent data breaches and cyber attacks.",
              "timeline": "Ongoing trend development."
            },
            {
              "trend": "Growing Importance of Cybersecurity",
              "reasoning": "Cybersecurity is becoming increasingly important, with governments and regulatory bodies implementing stricter regulations and enforcement.",
              "impact_on_industry": "Software - Application companies must implement robust cybersecurity measures to prevent data breaches and cyber attacks.",
              "timeline": "Ongoing trend development."
            }
          ],
          "compliance_burden": "High",
          "compliance_analysis": "UBER must ensure compliance with multiple regulations, including GDPR, CCPA, PCI-DSS, HIPAA, and cybersecurity regulations.",
          "policy_risks": [
            {
              "risk": "Non-Compliance Risks",
              "probability": "High",
              "impact": "Significant financial and reputational damage.",
              "mitigation": "UBER must invest in robust compliance measures, including regular audits and risk assessments."
            },
            {
              "risk": "Cybersecurity Risks",
              "probability": "Medium",
              "impact": "Significant financial and reputational damage.",
              "mitigation": "UBER must invest in robust cybersecurity measures, including regular security audits and risk assessments."
            }
          ],
          "regulatory_opportunities": [
            {
              "opportunity": "Data Protection Opportunities",
              "reasoning": "The increasing focus on data protection creates opportunities for companies that can provide robust data protection solutions.",
              "timeline": "Ongoing opportunity development.",
              "requirements": "UBER must invest in compliance measures, including regular audits and risk assessments."
            },
            {
              "opportunity": "Cybersecurity Opportunities",
              "reasoning": "The growing importance of cybersecurity creates opportunities for companies that can provide robust cybersecurity solutions.",
              "timeline": "Ongoing opportunity development.",
              "requirements": "UBER must invest in compliance measures, including regular audits and risk assessments."
            }
          ],
          "upcoming_changes": [
            {
              "change": "GDPR 2.0",
              "timeline": "Expected implementation in 2025.",
              "impact_analysis": "UBER must ensure compliance with GDPR 2.0, investing in robust data protection measures and regular audits.",
              "preparation_needed": "UBER must invest in compliance measures, including regular audits and risk assessments."
            },
            {
              "change": "CCPA 2.0",
              "timeline": "Expected implementation in 2025.",
              "impact_analysis": "UBER must ensure compliance with CCPA 2.0, investing in robust data protection measures and regular audits.",
              "preparation_needed": "UBER must invest in compliance measures, including regular audits and risk assessments."
            }
          ],
          "strategic_implications": "Regulatory trends and compliance requirements can significantly impact UBER's competitive positioning. To remain competitive, UBER must invest in robust data protection and cybersecurity measures, ensuring compliance with regulations and industry standards."
        },
        "esg_analysis": {
          "environmental_score": 6,
          "social_score": 7,
          "governance_score": 4,
          "overall_score": 6,
          "esg_risks": [
            "Cybersecurity risks due to large user base and sensitive data",
            "Environmental impact of ride-hailing services, including emissions and resource consumption"
          ],
          "esg_opportunities": [
            "Investing in electric or hybrid vehicles to reduce emissions",
            "Implementing sustainable logistics and supply chain management practices"
          ],
          "sustainability_trends": [
            "Increasing demand for sustainable transportation options",
            "Growing awareness of environmental impact of ride-hailing services"
          ],
          "stakeholder_concerns": [
            "Concerns about data privacy and security among users",
            "Pressure from investors and regulators to improve governance and sustainability practices"
          ]
        },
        "market_analysis": {
          "market_size": "Large",
          "estimated_market_value": 992199966720.0,
          "growth_rate": 0.204,
          "market_maturity": "Emerging",
          "concentration": "Medium",
          "geographic_scope": "Global"
        },
        "peer_benchmarks": {
          "avg_revenue_growth": 0.15,
          "avg_profit_margin": 0.2,
          "avg_roe": 0.15,
          "estimated_peers": 15
        },
        "key_risks": [
          "Technology obsolescence",
          "Cybersecurity threats",
          "Talent competition",
          {
            "risk": "Non-Compliance Risks",
            "probability": "High",
            "impact": "Significant financial and reputational damage.",
            "mitigation": "UBER must invest in robust compliance measures, including regular audits and risk assessments."
          },
          {
            "risk": "Cybersecurity Risks",
            "probability": "Medium",
            "impact": "Significant financial and reputational damage.",
            "mitigation": "UBER must invest in robust cybersecurity measures, including regular security audits and risk assessments."
          },
          "Cybersecurity risks due to large user base and sensitive data"
        ],
        "analysis_type": "industry_analysis",
        "current_price": 81.71
      }
    },
    "final_recommendation": "Recommendation(ticker='UBER', recommendation=<RecommendationType.BUY: 'Buy'>, confidence='High', target_price=np.float64(162.5534676530836), upside_potential=np.float64(98.93950269622276), risk_level='Low', bullish_signals=['COMPETITIVE_POSITION indicates Strong Buy', 'TECHNICAL indicates Buy', 'ANALYST_CONSENSUS indicates Buy', 'MANAGEMENT_QUALITY indicates Buy', 'DCF indicates Strong Buy', 'AI_INSIGHTS indicates Strong Buy', 'COMPARABLE indicates Strong Buy', 'BUSINESS_MODEL indicates Strong Buy', 'INDUSTRY_ANALYSIS indicates Buy'], bearish_signals=[], key_risks=[], summary='Consensus: Buy | Confidence: High | Analyses: 10 | COMPETITIVE_POSITION: Strong Buy | TECHNICAL: Buy | ANALYST_CONSENSUS: Buy | MANAGEMENT_QUALITY: Buy | DCF: Strong Buy | NEWS_SENTIMENT: Hold | AI_INSIGHTS: Strong Buy | COMPARABLE: Strong Buy | BUSINESS_MODEL: Strong Buy | INDUSTRY_ANALYSIS: Buy')",
    "analyst_comparison": {
      "comparisons": [
        "ComparisonResult(ticker='UBER', method='technical', our_price=np.float64(106.49694849381488), analyst_target=111.844, current_price=81.71, our_upside=np.float64(30.335269237320883), analyst_upside=36.87920695141354, deviation_score=np.float64(6.54393771409266), alignment='Investment_Aligned', both_bullish=True, both_bearish=np.False_, analyst_count=50)",
        "ComparisonResult(ticker='UBER', method='analyst_consensus', our_price=111.844, analyst_target=111.844, current_price=81.71, our_upside=36.87920695141354, analyst_upside=36.87920695141354, deviation_score=0.0, alignment='Precise_Aligned', both_bullish=True, both_bearish=False, analyst_count=50)",
        "ComparisonResult(ticker='UBER', method='dcf', our_price=np.float64(205.81751319981814), analyst_target=111.844, current_price=81.71, our_upside=np.float64(151.88778998876288), analyst_upside=36.87920695141354, deviation_score=np.float64(115.00858303734933), alignment='Directional_Aligned', both_bullish=True, both_bearish=np.False_, analyst_count=50)",
        "ComparisonResult(ticker='UBER', method='ai_insights', our_price=102.13749999999999, analyst_target=111.844, current_price=81.71, our_upside=24.999999999999993, analyst_upside=36.87920695141354, deviation_score=11.87920695141355, alignment='Investment_Aligned', both_bullish=True, both_bearish=False, analyst_count=50)",
        "ComparisonResult(ticker='UBER', method='comparable', our_price=259.21461039528424, analyst_target=111.844, current_price=81.71, our_upside=217.23731537790266, analyst_upside=36.87920695141354, deviation_score=180.3581084264891, alignment='Directional_Aligned', both_bullish=True, both_bearish=False, analyst_count=50)"
      ],
      "summary": {
        "comparable": {
          "total_comparisons": 1,
          "aligned_count": 1,
          "bullish_convergent": 1,
          "alignment_rate": 100.0,
          "avg_deviation": 180.3581084264891
        },
        "analyst_consensus": {
          "total_comparisons": 1,
          "aligned_count": 1,
          "bullish_convergent": 1,
          "alignment_rate": 100.0,
          "avg_deviation": 0.0
        },
        "dcf": {
          "total_comparisons": 1,
          "aligned_count": 1,
          "bullish_convergent": 1,
          "alignment_rate": 100.0,
          "avg_deviation": 115.00858303734933
        },
        "technical": {
          "total_comparisons": 1,
          "aligned_count": 1,
          "bullish_convergent": 1,
          "alignment_rate": 100.0,
          "avg_deviation": 6.54393771409266
        },
        "ai_insights": {
          "total_comparisons": 1,
          "aligned_count": 1,
          "bullish_convergent": 1,
          "alignment_rate": 100.0,
          "avg_deviation": 11.87920695141355
        }
      }
    },
    "execution_time_seconds": 53.57,
    "analyses_count": 10
  },
  "GOOGL": {
    "ticker": "GOOGL",
    "company_type": "growth_profitable",
    "financial_metrics": {
      "market_cap": 3791094022144,
      "sector": "Communication Services",
      "industry": "Internet Content & Information",
      "fund_family": "",
      "category": "",
      "quote_type": "EQUITY",
      "long_name": "Alphabet Inc.",
      "business_summary": "Alphabet Inc. offers various products and platforms in the United States, Europe, the Middle East, Africa, the Asia-Pacific, Canada, and Latin America. It operates through Google Services, Google Cloud, and Other Bets segments. The Google Services segment provides products and services, including ads, Android, Chrome, devices, Gmail, Google Drive, Google Maps, Google Photos, Google Play, Search, and YouTube. It is also involved in the sale of apps and in-app purchases and digital content in the Google Play and YouTube; and devices, as well as the provision of YouTube consumer subscription services, such as YouTube TV, YouTube Music and Premium, NFL Sunday Ticket, and Google One. The Google Cloud segment provides consumption-based fees and subscriptions for AI solutions, including AI infrastructure, Vertex AI platform, and Gemini for Google Cloud. It also provides cybersecurity, and data and analytics services; Google Workspace that include cloud-based communication and collaboration tools for enterprises, such as Calendar, Gmail, Docs, Drive, and Meet; and other services for enterprise customers. The Other Bets segment sells healthcare-related and internet services. Alphabet Inc. was incorporated in 1998 and is headquartered in Mountain View, California.",
      "enterprise_value": 3722669981696,
      "ev_ebitda_multiple": 25.643,
      "total_revenue": 385476001792,
      "net_income": 124250996736,
      "current_revenue": "$385,476,001,792.00",
      "yearly_revenue_growth": 0.159,
      "quarterly_revenue_growth": 0,
      "calculated_annual_growth": 13.866243322901553,
      "calculated_quarterly_growth": 6.137221553905505,
      "revenue_data_statements": {
        "quarterly_income_stmt": {
          "2025-09-30 00:00:00": {
            "Tax Effect Of Unusual Items": 2190015000.0,
            "Tax Rate For Calcs": 0.205,
            "Normalized EBITDA": 39058000000.0,
            "Total Unusual Items": 10683000000.0,
            "Total Unusual Items Excluding Goodwill": 10683000000.0,
            "Net Income From Continuing Operation Net Minority Interest": 34979000000.0,
            "Reconciled Depreciation": 5611000000.0,
            "Reconciled Cost Of Revenue": 41369000000.0,
            "EBITDA": 49741000000.0,
            "EBIT": 44130000000.0,
            "Net Interest Income": 933000000.0,
            "Interest Expense": 143000000.0,
            "Interest Income": 1076000000.0,
            "Normalized Income": 26486015000.0,
            "Net Income From Continuing And Discontinued Operation": 34979000000.0,
            "Total Expenses": 71118000000.0,
            "Total Operating Income As Reported": 31228000000.0,
            "Diluted Average Shares": 12203000000.0,
            "Basic Average Shares": 12086000000.0,
            "Diluted EPS": 2.87,
            "Basic EPS": 2.89,
            "Diluted NI Availto Com Stockholders": 34979000000.0,
            "Average Dilution Earnings": NaN,
            "Net Income Common Stockholders": 34979000000.0,
            "Net Income": 34979000000.0,
            "Net Income Including Noncontrolling Interests": 34979000000.0,
            "Net Income Continuous Operations": 34979000000.0,
            "Tax Provision": 9008000000.0,
            "Pretax Income": 43987000000.0,
            "Other Income Expense": 11826000000.0,
            "Other Non Operating Income Expenses": 1143000000.0,
            "Special Income Charges": -30000000.0,
            "Write Off": 30000000.0,
            "Earnings From Equity Interest": NaN,
            "Gain On Sale Of Security": 10713000000.0,
            "Net Non Operating Interest Income Expense": 933000000.0,
            "Interest Expense Non Operating": 143000000.0,
            "Interest Income Non Operating": 1076000000.0,
            "Operating Income": 31228000000.0,
            "Operating Expense": 29749000000.0,
            "Research And Development": 15151000000.0,
            "Selling General And Administration": 14598000000.0,
            "Selling And Marketing Expense": 7205000000.0,
            "General And Administrative Expense": 7393000000.0,
            "Other Gand A": 7393000000.0,
            "Gross Profit": 60977000000.0,
            "Cost Of Revenue": 41369000000.0,
            "Total Revenue": 102346000000.0,
            "Operating Revenue": 102346000000.0
          },
          "2025-06-30 00:00:00": {
            "Tax Effect Of Unusual Items": 304369000.0,
            "Tax Rate For Calcs": 0.169,
            "Normalized EBITDA": 37391000000.0,
            "Total Unusual Items": 1801000000.0,
            "Total Unusual Items Excluding Goodwill": 1801000000.0,
            "Net Income From Continuing Operation Net Minority Interest": 28196000000.0,
            "Reconciled Depreciation": 4998000000.0,
            "Reconciled Cost Of Revenue": 39039000000.0,
            "EBITDA": 39192000000.0,
            "EBIT": 34194000000.0,
            "Net Interest Income": 789000000.0,
            "Interest Expense": 261000000.0,
            "Interest Income": 1050000000.0,
            "Normalized Income": 26699369000.0,
            "Net Income From Continuing And Discontinued Operation": 28196000000.0,
            "Total Expenses": 65157000000.0,
            "Total Operating Income As Reported": 31271000000.0,
            "Diluted Average Shares": 12198000000.0,
            "Basic Average Shares": 12122000000.0,
            "Diluted EPS": 2.31,
            "Basic EPS": 2.33,
            "Diluted NI Availto Com Stockholders": 28196000000.0,
            "Average Dilution Earnings": NaN,
            "Net Income Common Stockholders": 28196000000.0,
            "Net Income": 28196000000.0,
            "Net Income Including Noncontrolling Interests": 28196000000.0,
            "Net Income Continuous Operations": 28196000000.0,
            "Tax Provision": 5737000000.0,
            "Pretax Income": 33933000000.0,
            "Other Income Expense": 1873000000.0,
            "Other Non Operating Income Expenses": 72000000.0,
            "Special Income Charges": 419000000.0,
            "Write Off": -419000000.0,
            "Earnings From Equity Interest": NaN,
            "Gain On Sale Of Security": 1382000000.0,
            "Net Non Operating Interest Income Expense": 789000000.0,
            "Interest Expense Non Operating": 261000000.0,
            "Interest Income Non Operating": 1050000000.0,
            "Operating Income": 31271000000.0,
            "Operating Expense": 26118000000.0,
            "Research And Development": 13808000000.0,
            "Selling General And Administration": 12310000000.0,
            "Selling And Marketing Expense": 7101000000.0,
            "General And Administrative Expense": 5209000000.0,
            "Other Gand A": 5209000000.0,
            "Gross Profit": 57389000000.0,
            "Cost Of Revenue": 39039000000.0,
            "Total Revenue": 96428000000.0,
            "Operating Revenue": 96428000000.0
          },
          "2025-03-31 00:00:00": {
            "Tax Effect Of Unusual Items": 1700936000.0,
            "Tax Rate For Calcs": 0.173,
            "Normalized EBITDA": 36478000000.0,
            "Total Unusual Items": 9832000000.0,
            "Total Unusual Items Excluding Goodwill": 9832000000.0,
            "Net Income From Continuing Operation Net Minority Interest": 34540000000.0,
            "Reconciled Depreciation": 4487000000.0,
            "Reconciled Cost Of Revenue": 36361000000.0,
            "EBITDA": 46310000000.0,
            "EBIT": 41823000000.0,
            "Net Interest Income": 967000000.0,
            "Interest Expense": 34000000.0,
            "Interest Income": 1001000000.0,
            "Normalized Income": 26408936000.0,
            "Net Income From Continuing And Discontinued Operation": 34540000000.0,
            "Total Expenses": 59628000000.0,
            "Total Operating Income As Reported": 30606000000.0,
            "Diluted Average Shares": 12291000000.0,
            "Basic Average Shares": 12183000000.0,
            "Diluted EPS": 2.81,
            "Basic EPS": 2.84,
            "Diluted NI Availto Com Stockholders": 34540000000.0,
            "Average Dilution Earnings": 2415000000.0,
            "Net Income Common Stockholders": 34540000000.0,
            "Net Income": 34540000000.0,
            "Net Income Including Noncontrolling Interests": 34540000000.0,
            "Net Income Continuous Operations": 34540000000.0,
            "Tax Provision": 7249000000.0,
            "Pretax Income": 41789000000.0,
            "Other Income Expense": 10216000000.0,
            "Other Non Operating Income Expenses": 384000000.0,
            "Special Income Charges": -22000000.0,
            "Write Off": 22000000.0,
            "Earnings From Equity Interest": -22000000.0,
            "Gain On Sale Of Security": 9854000000.0,
            "Net Non Operating Interest Income Expense": 967000000.0,
            "Interest Expense Non Operating": 34000000.0,
            "Interest Income Non Operating": 1001000000.0,
            "Operating Income": 30606000000.0,
            "Operating Expense": 23267000000.0,
            "Research And Development": 13556000000.0,
            "Selling General And Administration": 9711000000.0,
            "Selling And Marketing Expense": 6172000000.0,
            "General And Administrative Expense": 3539000000.0,
            "Other Gand A": 3539000000.0,
            "Gross Profit": 53873000000.0,
            "Cost Of Revenue": 36361000000.0,
            "Total Revenue": 90234000000.0,
            "Operating Revenue": 90234000000.0
          },
          "2024-12-31 00:00:00": {
            "Tax Effect Of Unusual Items": -30974940.297119,
            "Tax Rate For Calcs": 0.177,
            "Normalized EBITDA": 36676000000.0,
            "Total Unusual Items": -175000000.0,
            "Total Unusual Items Excluding Goodwill": -175000000.0,
            "Net Income From Continuing Operation Net Minority Interest": 26536000000.0,
            "Reconciled Depreciation": 4205000000.0,
            "Reconciled Cost Of Revenue": 40613000000.0,
            "EBITDA": 36501000000.0,
            "EBIT": 32296000000.0,
            "Net Interest Income": 1035000000.0,
            "Interest Expense": 53000000.0,
            "Interest Income": 1088000000.0,
            "Normalized Income": 26680025059.70288,
            "Net Income From Continuing And Discontinued Operation": 26536000000.0,
            "Total Expenses": 65497000000.0,
            "Total Operating Income As Reported": 30972000000.0,
            "Diluted Average Shares": 12348000000.0,
            "Basic Average Shares": 12228000000.0,
            "Diluted EPS": 2.15,
            "Basic EPS": 2.17,
            "Diluted NI Availto Com Stockholders": 26536000000.0,
            "Average Dilution Earnings": NaN,
            "Net Income Common Stockholders": 26536000000.0,
            "Net Income": 26536000000.0,
            "Net Income Including Noncontrolling Interests": 26536000000.0,
            "Net Income Continuous Operations": 26536000000.0,
            "Tax Provision": 5707000000.0,
            "Pretax Income": 32243000000.0,
            "Other Income Expense": 236000000.0,
            "Other Non Operating Income Expenses": 411000000.0,
            "Special Income Charges": -87000000.0,
            "Write Off": 87000000.0,
            "Earnings From Equity Interest": -87000000.0,
            "Gain On Sale Of Security": -88000000.0,
            "Net Non Operating Interest Income Expense": 1035000000.0,
            "Interest Expense Non Operating": 53000000.0,
            "Interest Income Non Operating": 1088000000.0,
            "Operating Income": 30972000000.0,
            "Operating Expense": 24884000000.0,
            "Research And Development": 13116000000.0,
            "Selling General And Administration": 11768000000.0,
            "Selling And Marketing Expense": 7363000000.0,
            "General And Administrative Expense": 4405000000.0,
            "Other Gand A": 4405000000.0,
            "Gross Profit": 55856000000.0,
            "Cost Of Revenue": 40613000000.0,
            "Total Revenue": 96469000000.0,
            "Operating Revenue": 96469000000.0
          },
          "2024-09-30 00:00:00": {
            "Tax Effect Of Unusual Items": 322490000.0,
            "Tax Rate For Calcs": 0.17,
            "Normalized EBITDA": 33848000000.0,
            "Total Unusual Items": 1897000000.0,
            "Total Unusual Items Excluding Goodwill": 1897000000.0,
            "Net Income From Continuing Operation Net Minority Interest": 26301000000.0,
            "Reconciled Depreciation": 3985000000.0,
            "Reconciled Cost Of Revenue": 36474000000.0,
            "EBITDA": 35745000000.0,
            "EBIT": 31760000000.0,
            "Net Interest Income": 1189000000.0,
            "Interest Expense": 54000000.0,
            "Interest Income": 1243000000.0,
            "Normalized Income": 24726490000.0,
            "Net Income From Continuing And Discontinued Operation": 26301000000.0,
            "Total Expenses": 59747000000.0,
            "Total Operating Income As Reported": 28521000000.0,
            "Diluted Average Shares": 12419000000.0,
            "Basic Average Shares": 12290000000.0,
            "Diluted EPS": 2.12,
            "Basic EPS": 2.14,
            "Diluted NI Availto Com Stockholders": 26301000000.0,
            "Average Dilution Earnings": NaN,
            "Net Income Common Stockholders": 26301000000.0,
            "Net Income": 26301000000.0,
            "Net Income Including Noncontrolling Interests": 26301000000.0,
            "Net Income Continuous Operations": 26301000000.0,
            "Tax Provision": 5405000000.0,
            "Pretax Income": 31706000000.0,
            "Other Income Expense": 1996000000.0,
            "Other Non Operating Income Expenses": 99000000.0,
            "Special Income Charges": -107000000.0,
            "Write Off": 107000000.0,
            "Earnings From Equity Interest": -107000000.0,
            "Gain On Sale Of Security": 2004000000.0,
            "Net Non Operating Interest Income Expense": 1189000000.0,
            "Interest Expense Non Operating": 54000000.0,
            "Interest Income Non Operating": 1243000000.0,
            "Operating Income": 28521000000.0,
            "Operating Expense": 23273000000.0,
            "Research And Development": 12447000000.0,
            "Selling General And Administration": 10826000000.0,
            "Selling And Marketing Expense": 7227000000.0,
            "General And Administrative Expense": 3599000000.0,
            "Other Gand A": 3599000000.0,
            "Gross Profit": 51794000000.0,
            "Cost Of Revenue": 36474000000.0,
            "Total Revenue": 88268000000.0,
            "Operating Revenue": 88268000000.0
          },
          "2024-06-30 00:00:00": {
            "Tax Effect Of Unusual Items": NaN,
            "Tax Rate For Calcs": NaN,
            "Normalized EBITDA": NaN,
            "Total Unusual Items": NaN,
            "Total Unusual Items Excluding Goodwill": NaN,
            "Net Income From Continuing Operation Net Minority Interest": NaN,
            "Reconciled Depreciation": NaN,
            "Reconciled Cost Of Revenue": NaN,
            "EBITDA": NaN,
            "EBIT": NaN,
            "Net Interest Income": NaN,
            "Interest Expense": NaN,
            "Interest Income": NaN,
            "Normalized Income": NaN,
            "Net Income From Continuing And Discontinued Operation": NaN,
            "Total Expenses": NaN,
            "Total Operating Income As Reported": NaN,
            "Diluted Average Shares": NaN,
            "Basic Average Shares": NaN,
            "Diluted EPS": NaN,
            "Basic EPS": NaN,
            "Diluted NI Availto Com Stockholders": NaN,
            "Average Dilution Earnings": NaN,
            "Net Income Common Stockholders": NaN,
            "Net Income": NaN,
            "Net Income Including Noncontrolling Interests": NaN,
            "Net Income Continuous Operations": NaN,
            "Tax Provision": NaN,
            "Pretax Income": NaN,
            "Other Income Expense": NaN,
            "Other Non Operating Income Expenses": NaN,
            "Special Income Charges": NaN,
            "Write Off": NaN,
            "Earnings From Equity Interest": 32000000.0,
            "Gain On Sale Of Security": NaN,
            "Net Non Operating Interest Income Expense": NaN,
            "Interest Expense Non Operating": NaN,
            "Interest Income Non Operating": NaN,
            "Operating Income": NaN,
            "Operating Expense": NaN,
            "Research And Development": NaN,
            "Selling General And Administration": NaN,
            "Selling And Marketing Expense": NaN,
            "General And Administrative Expense": NaN,
            "Other Gand A": NaN,
            "Gross Profit": NaN,
            "Cost Of Revenue": NaN,
            "Total Revenue": NaN,
            "Operating Revenue": NaN
          }
        },
        "annual_income_stmt": {
          "2024-12-31 00:00:00": {
            "Tax Effect Of Unusual Items": 340136000.0,
            "Tax Rate For Calcs": 0.164,
            "Normalized EBITDA": 133320000000.0,
            "Total Unusual Items": 2074000000.0,
            "Total Unusual Items Excluding Goodwill": 2074000000.0,
            "Net Income From Continuing Operation Net Minority Interest": 100118000000.0,
            "Reconciled Depreciation": 15311000000.0,
            "Reconciled Cost Of Revenue": 146306000000.0,
            "EBITDA": 135394000000.0,
            "EBIT": 120083000000.0,
            "Net Interest Income": 4214000000.0,
            "Interest Expense": 268000000.0,
            "Interest Income": 4482000000.0,
            "Normalized Income": 98384136000.0,
            "Net Income From Continuing And Discontinued Operation": 100118000000.0,
            "Total Expenses": 237628000000.0,
            "Total Operating Income As Reported": 112390000000.0,
            "Diluted Average Shares": 12447000000.0,
            "Basic Average Shares": 12319000000.0,
            "Diluted EPS": 8.04,
            "Basic EPS": 8.13,
            "Diluted NI Availto Com Stockholders": 100118000000.0,
            "Net Income Common Stockholders": 100118000000.0,
            "Net Income": 100118000000.0,
            "Net Income Including Noncontrolling Interests": 100118000000.0,
            "Net Income Continuous Operations": 100118000000.0,
            "Tax Provision": 19697000000.0,
            "Pretax Income": 119815000000.0,
            "Other Income Expense": 3211000000.0,
            "Other Non Operating Income Expenses": 1137000000.0,
            "Special Income Charges": -188000000.0,
            "Write Off": 188000000.0,
            "Earnings From Equity Interest": -188000000.0,
            "Gain On Sale Of Security": 2262000000.0,
            "Net Non Operating Interest Income Expense": 4214000000.0,
            "Interest Expense Non Operating": 268000000.0,
            "Interest Income Non Operating": 4482000000.0,
            "Operating Income": 112390000000.0,
            "Operating Expense": 91322000000.0,
            "Research And Development": 49326000000.0,
            "Selling General And Administration": 41996000000.0,
            "Selling And Marketing Expense": 27808000000.0,
            "General And Administrative Expense": 14188000000.0,
            "Other Gand A": 14188000000.0,
            "Gross Profit": 203712000000.0,
            "Cost Of Revenue": 146306000000.0,
            "Total Revenue": 350018000000.0,
            "Operating Revenue": 350018000000.0
          },
          "2023-12-31 00:00:00": {
            "Tax Effect Of Unusual Items": -373771000.0,
            "Tax Rate For Calcs": 0.139,
            "Normalized EBITDA": 100660000000.0,
            "Total Unusual Items": -2689000000.0,
            "Total Unusual Items Excluding Goodwill": -2689000000.0,
            "Net Income From Continuing Operation Net Minority Interest": 73795000000.0,
            "Reconciled Depreciation": 11946000000.0,
            "Reconciled Cost Of Revenue": 133332000000.0,
            "EBITDA": 97971000000.0,
            "EBIT": 86025000000.0,
            "Net Interest Income": 3557000000.0,
            "Interest Expense": 308000000.0,
            "Interest Income": 3865000000.0,
            "Normalized Income": 76110229000.0,
            "Net Income From Continuing And Discontinued Operation": 73795000000.0,
            "Total Expenses": 223101000000.0,
            "Total Operating Income As Reported": 84293000000.0,
            "Diluted Average Shares": 12722000000.0,
            "Basic Average Shares": 12630000000.0,
            "Diluted EPS": 5.8,
            "Basic EPS": 5.84,
            "Diluted NI Availto Com Stockholders": 73795000000.0,
            "Net Income Common Stockholders": 73795000000.0,
            "Net Income": 73795000000.0,
            "Net Income Including Noncontrolling Interests": 73795000000.0,
            "Net Income Continuous Operations": 73795000000.0,
            "Tax Provision": 11922000000.0,
            "Pretax Income": 85717000000.0,
            "Other Income Expense": -2133000000.0,
            "Other Non Operating Income Expenses": 556000000.0,
            "Special Income Charges": -628000000.0,
            "Write Off": 628000000.0,
            "Earnings From Equity Interest": -628000000.0,
            "Gain On Sale Of Security": -2061000000.0,
            "Net Non Operating Interest Income Expense": 3557000000.0,
            "Interest Expense Non Operating": 308000000.0,
            "Interest Income Non Operating": 3865000000.0,
            "Operating Income": 84293000000.0,
            "Operating Expense": 89769000000.0,
            "Research And Development": 45427000000.0,
            "Selling General And Administration": 44342000000.0,
            "Selling And Marketing Expense": 27917000000.0,
            "General And Administrative Expense": 16425000000.0,
            "Other Gand A": 16425000000.0,
            "Gross Profit": 174062000000.0,
            "Cost Of Revenue": 133332000000.0,
            "Total Revenue": 307394000000.0,
            "Operating Revenue": 307394000000.0
          },
          "2022-12-31 00:00:00": {
            "Tax Effect Of Unusual Items": -1035090000.0,
            "Tax Rate For Calcs": 0.159,
            "Normalized EBITDA": 91670000000.0,
            "Total Unusual Items": -6510000000.0,
            "Total Unusual Items Excluding Goodwill": -6510000000.0,
            "Net Income From Continuing Operation Net Minority Interest": 59972000000.0,
            "Reconciled Depreciation": 13475000000.0,
            "Reconciled Cost Of Revenue": 126203000000.0,
            "EBITDA": 85160000000.0,
            "EBIT": 71685000000.0,
            "Net Interest Income": 1817000000.0,
            "Interest Expense": 357000000.0,
            "Interest Income": 2174000000.0,
            "Normalized Income": 65446910000.0,
            "Net Income From Continuing And Discontinued Operation": 59972000000.0,
            "Total Expenses": 207994000000.0,
            "Total Operating Income As Reported": 74842000000.0,
            "Diluted Average Shares": 13159000000.0,
            "Basic Average Shares": 13063000000.0,
            "Diluted EPS": 4.56,
            "Basic EPS": 4.59,
            "Diluted NI Availto Com Stockholders": 59972000000.0,
            "Net Income Common Stockholders": 59972000000.0,
            "Net Income": 59972000000.0,
            "Net Income Including Noncontrolling Interests": 59972000000.0,
            "Net Income Continuous Operations": 59972000000.0,
            "Tax Provision": 11356000000.0,
            "Pretax Income": 71328000000.0,
            "Other Income Expense": -5331000000.0,
            "Other Non Operating Income Expenses": 1179000000.0,
            "Special Income Charges": -337000000.0,
            "Write Off": 337000000.0,
            "Earnings From Equity Interest": -337000000.0,
            "Gain On Sale Of Security": -6173000000.0,
            "Net Non Operating Interest Income Expense": 1817000000.0,
            "Interest Expense Non Operating": 357000000.0,
            "Interest Income Non Operating": 2174000000.0,
            "Operating Income": 74842000000.0,
            "Operating Expense": 81791000000.0,
            "Research And Development": 39500000000.0,
            "Selling General And Administration": 42291000000.0,
            "Selling And Marketing Expense": 26567000000.0,
            "General And Administrative Expense": 15724000000.0,
            "Other Gand A": 15724000000.0,
            "Gross Profit": 156633000000.0,
            "Cost Of Revenue": 126203000000.0,
            "Total Revenue": 282836000000.0,
            "Operating Revenue": 282836000000.0
          },
          "2021-12-31 00:00:00": {
            "Tax Effect Of Unusual Items": 2002968000.0,
            "Tax Rate For Calcs": 0.162,
            "Normalized EBITDA": 91157000000.0,
            "Total Unusual Items": 12364000000.0,
            "Total Unusual Items Excluding Goodwill": 12364000000.0,
            "Net Income From Continuing Operation Net Minority Interest": 76033000000.0,
            "Reconciled Depreciation": 12441000000.0,
            "Reconciled Cost Of Revenue": 110939000000.0,
            "EBITDA": 103521000000.0,
            "EBIT": 91080000000.0,
            "Net Interest Income": 1153000000.0,
            "Interest Expense": 346000000.0,
            "Interest Income": 1499000000.0,
            "Normalized Income": 65671968000.0,
            "Net Income From Continuing And Discontinued Operation": 76033000000.0,
            "Total Expenses": 178923000000.0,
            "Total Operating Income As Reported": 78714000000.0,
            "Diluted Average Shares": 13553480000.0,
            "Basic Average Shares": 13353000000.0,
            "Diluted EPS": 5.61,
            "Basic EPS": 5.694,
            "Diluted NI Availto Com Stockholders": 76033000000.0,
            "Net Income Common Stockholders": 76033000000.0,
            "Net Income": 76033000000.0,
            "Net Income Including Noncontrolling Interests": 76033000000.0,
            "Net Income Continuous Operations": 76033000000.0,
            "Tax Provision": 14701000000.0,
            "Pretax Income": 90734000000.0,
            "Other Income Expense": 10867000000.0,
            "Other Non Operating Income Expenses": -1497000000.0,
            "Special Income Charges": 334000000.0,
            "Write Off": -334000000.0,
            "Earnings From Equity Interest": 334000000.0,
            "Gain On Sale Of Security": 12030000000.0,
            "Net Non Operating Interest Income Expense": 1153000000.0,
            "Interest Expense Non Operating": 346000000.0,
            "Interest Income Non Operating": 1499000000.0,
            "Operating Income": 78714000000.0,
            "Operating Expense": 67984000000.0,
            "Research And Development": 31562000000.0,
            "Selling General And Administration": 36422000000.0,
            "Selling And Marketing Expense": 22912000000.0,
            "General And Administrative Expense": 13510000000.0,
            "Other Gand A": 13510000000.0,
            "Gross Profit": 146698000000.0,
            "Cost Of Revenue": 110939000000.0,
            "Total Revenue": 257637000000.0,
            "Operating Revenue": 257637000000.0
          }
        },
        "quarterly_financial_stmt": {
          "2025-09-30 00:00:00": {
            "Tax Effect Of Unusual Items": 2190015000.0,
            "Tax Rate For Calcs": 0.205,
            "Normalized EBITDA": 39058000000.0,
            "Total Unusual Items": 10683000000.0,
            "Total Unusual Items Excluding Goodwill": 10683000000.0,
            "Net Income From Continuing Operation Net Minority Interest": 34979000000.0,
            "Reconciled Depreciation": 5611000000.0,
            "Reconciled Cost Of Revenue": 41369000000.0,
            "EBITDA": 49741000000.0,
            "EBIT": 44130000000.0,
            "Net Interest Income": 933000000.0,
            "Interest Expense": 143000000.0,
            "Interest Income": 1076000000.0,
            "Normalized Income": 26486015000.0,
            "Net Income From Continuing And Discontinued Operation": 34979000000.0,
            "Total Expenses": 71118000000.0,
            "Total Operating Income As Reported": 31228000000.0,
            "Diluted Average Shares": 12203000000.0,
            "Basic Average Shares": 12086000000.0,
            "Diluted EPS": 2.87,
            "Basic EPS": 2.89,
            "Diluted NI Availto Com Stockholders": 34979000000.0,
            "Average Dilution Earnings": NaN,
            "Net Income Common Stockholders": 34979000000.0,
            "Net Income": 34979000000.0,
            "Net Income Including Noncontrolling Interests": 34979000000.0,
            "Net Income Continuous Operations": 34979000000.0,
            "Tax Provision": 9008000000.0,
            "Pretax Income": 43987000000.0,
            "Other Income Expense": 11826000000.0,
            "Other Non Operating Income Expenses": 1143000000.0,
            "Special Income Charges": -30000000.0,
            "Write Off": 30000000.0,
            "Earnings From Equity Interest": NaN,
            "Gain On Sale Of Security": 10713000000.0,
            "Net Non Operating Interest Income Expense": 933000000.0,
            "Interest Expense Non Operating": 143000000.0,
            "Interest Income Non Operating": 1076000000.0,
            "Operating Income": 31228000000.0,
            "Operating Expense": 29749000000.0,
            "Research And Development": 15151000000.0,
            "Selling General And Administration": 14598000000.0,
            "Selling And Marketing Expense": 7205000000.0,
            "General And Administrative Expense": 7393000000.0,
            "Other Gand A": 7393000000.0,
            "Gross Profit": 60977000000.0,
            "Cost Of Revenue": 41369000000.0,
            "Total Revenue": 102346000000.0,
            "Operating Revenue": 102346000000.0
          },
          "2025-06-30 00:00:00": {
            "Tax Effect Of Unusual Items": 304369000.0,
            "Tax Rate For Calcs": 0.169,
            "Normalized EBITDA": 37391000000.0,
            "Total Unusual Items": 1801000000.0,
            "Total Unusual Items Excluding Goodwill": 1801000000.0,
            "Net Income From Continuing Operation Net Minority Interest": 28196000000.0,
            "Reconciled Depreciation": 4998000000.0,
            "Reconciled Cost Of Revenue": 39039000000.0,
            "EBITDA": 39192000000.0,
            "EBIT": 34194000000.0,
            "Net Interest Income": 789000000.0,
            "Interest Expense": 261000000.0,
            "Interest Income": 1050000000.0,
            "Normalized Income": 26699369000.0,
            "Net Income From Continuing And Discontinued Operation": 28196000000.0,
            "Total Expenses": 65157000000.0,
            "Total Operating Income As Reported": 31271000000.0,
            "Diluted Average Shares": 12198000000.0,
            "Basic Average Shares": 12122000000.0,
            "Diluted EPS": 2.31,
            "Basic EPS": 2.33,
            "Diluted NI Availto Com Stockholders": 28196000000.0,
            "Average Dilution Earnings": NaN,
            "Net Income Common Stockholders": 28196000000.0,
            "Net Income": 28196000000.0,
            "Net Income Including Noncontrolling Interests": 28196000000.0,
            "Net Income Continuous Operations": 28196000000.0,
            "Tax Provision": 5737000000.0,
            "Pretax Income": 33933000000.0,
            "Other Income Expense": 1873000000.0,
            "Other Non Operating Income Expenses": 72000000.0,
            "Special Income Charges": 419000000.0,
            "Write Off": -419000000.0,
            "Earnings From Equity Interest": NaN,
            "Gain On Sale Of Security": 1382000000.0,
            "Net Non Operating Interest Income Expense": 789000000.0,
            "Interest Expense Non Operating": 261000000.0,
            "Interest Income Non Operating": 1050000000.0,
            "Operating Income": 31271000000.0,
            "Operating Expense": 26118000000.0,
            "Research And Development": 13808000000.0,
            "Selling General And Administration": 12310000000.0,
            "Selling And Marketing Expense": 7101000000.0,
            "General And Administrative Expense": 5209000000.0,
            "Other Gand A": 5209000000.0,
            "Gross Profit": 57389000000.0,
            "Cost Of Revenue": 39039000000.0,
            "Total Revenue": 96428000000.0,
            "Operating Revenue": 96428000000.0
          },
          "2025-03-31 00:00:00": {
            "Tax Effect Of Unusual Items": 1700936000.0,
            "Tax Rate For Calcs": 0.173,
            "Normalized EBITDA": 36478000000.0,
            "Total Unusual Items": 9832000000.0,
            "Total Unusual Items Excluding Goodwill": 9832000000.0,
            "Net Income From Continuing Operation Net Minority Interest": 34540000000.0,
            "Reconciled Depreciation": 4487000000.0,
            "Reconciled Cost Of Revenue": 36361000000.0,
            "EBITDA": 46310000000.0,
            "EBIT": 41823000000.0,
            "Net Interest Income": 967000000.0,
            "Interest Expense": 34000000.0,
            "Interest Income": 1001000000.0,
            "Normalized Income": 26408936000.0,
            "Net Income From Continuing And Discontinued Operation": 34540000000.0,
            "Total Expenses": 59628000000.0,
            "Total Operating Income As Reported": 30606000000.0,
            "Diluted Average Shares": 12291000000.0,
            "Basic Average Shares": 12183000000.0,
            "Diluted EPS": 2.81,
            "Basic EPS": 2.84,
            "Diluted NI Availto Com Stockholders": 34540000000.0,
            "Average Dilution Earnings": 2415000000.0,
            "Net Income Common Stockholders": 34540000000.0,
            "Net Income": 34540000000.0,
            "Net Income Including Noncontrolling Interests": 34540000000.0,
            "Net Income Continuous Operations": 34540000000.0,
            "Tax Provision": 7249000000.0,
            "Pretax Income": 41789000000.0,
            "Other Income Expense": 10216000000.0,
            "Other Non Operating Income Expenses": 384000000.0,
            "Special Income Charges": -22000000.0,
            "Write Off": 22000000.0,
            "Earnings From Equity Interest": -22000000.0,
            "Gain On Sale Of Security": 9854000000.0,
            "Net Non Operating Interest Income Expense": 967000000.0,
            "Interest Expense Non Operating": 34000000.0,
            "Interest Income Non Operating": 1001000000.0,
            "Operating Income": 30606000000.0,
            "Operating Expense": 23267000000.0,
            "Research And Development": 13556000000.0,
            "Selling General And Administration": 9711000000.0,
            "Selling And Marketing Expense": 6172000000.0,
            "General And Administrative Expense": 3539000000.0,
            "Other Gand A": 3539000000.0,
            "Gross Profit": 53873000000.0,
            "Cost Of Revenue": 36361000000.0,
            "Total Revenue": 90234000000.0,
            "Operating Revenue": 90234000000.0
          },
          "2024-12-31 00:00:00": {
            "Tax Effect Of Unusual Items": -30974940.297119,
            "Tax Rate For Calcs": 0.177,
            "Normalized EBITDA": 36676000000.0,
            "Total Unusual Items": -175000000.0,
            "Total Unusual Items Excluding Goodwill": -175000000.0,
            "Net Income From Continuing Operation Net Minority Interest": 26536000000.0,
            "Reconciled Depreciation": 4205000000.0,
            "Reconciled Cost Of Revenue": 40613000000.0,
            "EBITDA": 36501000000.0,
            "EBIT": 32296000000.0,
            "Net Interest Income": 1035000000.0,
            "Interest Expense": 53000000.0,
            "Interest Income": 1088000000.0,
            "Normalized Income": 26680025059.70288,
            "Net Income From Continuing And Discontinued Operation": 26536000000.0,
            "Total Expenses": 65497000000.0,
            "Total Operating Income As Reported": 30972000000.0,
            "Diluted Average Shares": 12348000000.0,
            "Basic Average Shares": 12228000000.0,
            "Diluted EPS": 2.15,
            "Basic EPS": 2.17,
            "Diluted NI Availto Com Stockholders": 26536000000.0,
            "Average Dilution Earnings": NaN,
            "Net Income Common Stockholders": 26536000000.0,
            "Net Income": 26536000000.0,
            "Net Income Including Noncontrolling Interests": 26536000000.0,
            "Net Income Continuous Operations": 26536000000.0,
            "Tax Provision": 5707000000.0,
            "Pretax Income": 32243000000.0,
            "Other Income Expense": 236000000.0,
            "Other Non Operating Income Expenses": 411000000.0,
            "Special Income Charges": -87000000.0,
            "Write Off": 87000000.0,
            "Earnings From Equity Interest": -87000000.0,
            "Gain On Sale Of Security": -88000000.0,
            "Net Non Operating Interest Income Expense": 1035000000.0,
            "Interest Expense Non Operating": 53000000.0,
            "Interest Income Non Operating": 1088000000.0,
            "Operating Income": 30972000000.0,
            "Operating Expense": 24884000000.0,
            "Research And Development": 13116000000.0,
            "Selling General And Administration": 11768000000.0,
            "Selling And Marketing Expense": 7363000000.0,
            "General And Administrative Expense": 4405000000.0,
            "Other Gand A": 4405000000.0,
            "Gross Profit": 55856000000.0,
            "Cost Of Revenue": 40613000000.0,
            "Total Revenue": 96469000000.0,
            "Operating Revenue": 96469000000.0
          },
          "2024-09-30 00:00:00": {
            "Tax Effect Of Unusual Items": 322490000.0,
            "Tax Rate For Calcs": 0.17,
            "Normalized EBITDA": 33848000000.0,
            "Total Unusual Items": 1897000000.0,
            "Total Unusual Items Excluding Goodwill": 1897000000.0,
            "Net Income From Continuing Operation Net Minority Interest": 26301000000.0,
            "Reconciled Depreciation": 3985000000.0,
            "Reconciled Cost Of Revenue": 36474000000.0,
            "EBITDA": 35745000000.0,
            "EBIT": 31760000000.0,
            "Net Interest Income": 1189000000.0,
            "Interest Expense": 54000000.0,
            "Interest Income": 1243000000.0,
            "Normalized Income": 24726490000.0,
            "Net Income From Continuing And Discontinued Operation": 26301000000.0,
            "Total Expenses": 59747000000.0,
            "Total Operating Income As Reported": 28521000000.0,
            "Diluted Average Shares": 12419000000.0,
            "Basic Average Shares": 12290000000.0,
            "Diluted EPS": 2.12,
            "Basic EPS": 2.14,
            "Diluted NI Availto Com Stockholders": 26301000000.0,
            "Average Dilution Earnings": NaN,
            "Net Income Common Stockholders": 26301000000.0,
            "Net Income": 26301000000.0,
            "Net Income Including Noncontrolling Interests": 26301000000.0,
            "Net Income Continuous Operations": 26301000000.0,
            "Tax Provision": 5405000000.0,
            "Pretax Income": 31706000000.0,
            "Other Income Expense": 1996000000.0,
            "Other Non Operating Income Expenses": 99000000.0,
            "Special Income Charges": -107000000.0,
            "Write Off": 107000000.0,
            "Earnings From Equity Interest": -107000000.0,
            "Gain On Sale Of Security": 2004000000.0,
            "Net Non Operating Interest Income Expense": 1189000000.0,
            "Interest Expense Non Operating": 54000000.0,
            "Interest Income Non Operating": 1243000000.0,
            "Operating Income": 28521000000.0,
            "Operating Expense": 23273000000.0,
            "Research And Development": 12447000000.0,
            "Selling General And Administration": 10826000000.0,
            "Selling And Marketing Expense": 7227000000.0,
            "General And Administrative Expense": 3599000000.0,
            "Other Gand A": 3599000000.0,
            "Gross Profit": 51794000000.0,
            "Cost Of Revenue": 36474000000.0,
            "Total Revenue": 88268000000.0,
            "Operating Revenue": 88268000000.0
          },
          "2024-06-30 00:00:00": {
            "Tax Effect Of Unusual Items": NaN,
            "Tax Rate For Calcs": NaN,
            "Normalized EBITDA": NaN,
            "Total Unusual Items": NaN,
            "Total Unusual Items Excluding Goodwill": NaN,
            "Net Income From Continuing Operation Net Minority Interest": NaN,
            "Reconciled Depreciation": NaN,
            "Reconciled Cost Of Revenue": NaN,
            "EBITDA": NaN,
            "EBIT": NaN,
            "Net Interest Income": NaN,
            "Interest Expense": NaN,
            "Interest Income": NaN,
            "Normalized Income": NaN,
            "Net Income From Continuing And Discontinued Operation": NaN,
            "Total Expenses": NaN,
            "Total Operating Income As Reported": NaN,
            "Diluted Average Shares": NaN,
            "Basic Average Shares": NaN,
            "Diluted EPS": NaN,
            "Basic EPS": NaN,
            "Diluted NI Availto Com Stockholders": NaN,
            "Average Dilution Earnings": NaN,
            "Net Income Common Stockholders": NaN,
            "Net Income": NaN,
            "Net Income Including Noncontrolling Interests": NaN,
            "Net Income Continuous Operations": NaN,
            "Tax Provision": NaN,
            "Pretax Income": NaN,
            "Other Income Expense": NaN,
            "Other Non Operating Income Expenses": NaN,
            "Special Income Charges": NaN,
            "Write Off": NaN,
            "Earnings From Equity Interest": 32000000.0,
            "Gain On Sale Of Security": NaN,
            "Net Non Operating Interest Income Expense": NaN,
            "Interest Expense Non Operating": NaN,
            "Interest Income Non Operating": NaN,
            "Operating Income": NaN,
            "Operating Expense": NaN,
            "Research And Development": NaN,
            "Selling General And Administration": NaN,
            "Selling And Marketing Expense": NaN,
            "General And Administrative Expense": NaN,
            "Other Gand A": NaN,
            "Gross Profit": NaN,
            "Cost Of Revenue": NaN,
            "Total Revenue": NaN,
            "Operating Revenue": NaN
          }
        },
        "annual_financial_stmt": {
          "2024-12-31 00:00:00": {
            "Tax Effect Of Unusual Items": 340136000.0,
            "Tax Rate For Calcs": 0.164,
            "Normalized EBITDA": 133320000000.0,
            "Total Unusual Items": 2074000000.0,
            "Total Unusual Items Excluding Goodwill": 2074000000.0,
            "Net Income From Continuing Operation Net Minority Interest": 100118000000.0,
            "Reconciled Depreciation": 15311000000.0,
            "Reconciled Cost Of Revenue": 146306000000.0,
            "EBITDA": 135394000000.0,
            "EBIT": 120083000000.0,
            "Net Interest Income": 4214000000.0,
            "Interest Expense": 268000000.0,
            "Interest Income": 4482000000.0,
            "Normalized Income": 98384136000.0,
            "Net Income From Continuing And Discontinued Operation": 100118000000.0,
            "Total Expenses": 237628000000.0,
            "Total Operating Income As Reported": 112390000000.0,
            "Diluted Average Shares": 12447000000.0,
            "Basic Average Shares": 12319000000.0,
            "Diluted EPS": 8.04,
            "Basic EPS": 8.13,
            "Diluted NI Availto Com Stockholders": 100118000000.0,
            "Net Income Common Stockholders": 100118000000.0,
            "Net Income": 100118000000.0,
            "Net Income Including Noncontrolling Interests": 100118000000.0,
            "Net Income Continuous Operations": 100118000000.0,
            "Tax Provision": 19697000000.0,
            "Pretax Income": 119815000000.0,
            "Other Income Expense": 3211000000.0,
            "Other Non Operating Income Expenses": 1137000000.0,
            "Special Income Charges": -188000000.0,
            "Write Off": 188000000.0,
            "Earnings From Equity Interest": -188000000.0,
            "Gain On Sale Of Security": 2262000000.0,
            "Net Non Operating Interest Income Expense": 4214000000.0,
            "Interest Expense Non Operating": 268000000.0,
            "Interest Income Non Operating": 4482000000.0,
            "Operating Income": 112390000000.0,
            "Operating Expense": 91322000000.0,
            "Research And Development": 49326000000.0,
            "Selling General And Administration": 41996000000.0,
            "Selling And Marketing Expense": 27808000000.0,
            "General And Administrative Expense": 14188000000.0,
            "Other Gand A": 14188000000.0,
            "Gross Profit": 203712000000.0,
            "Cost Of Revenue": 146306000000.0,
            "Total Revenue": 350018000000.0,
            "Operating Revenue": 350018000000.0
          },
          "2023-12-31 00:00:00": {
            "Tax Effect Of Unusual Items": -373771000.0,
            "Tax Rate For Calcs": 0.139,
            "Normalized EBITDA": 100660000000.0,
            "Total Unusual Items": -2689000000.0,
            "Total Unusual Items Excluding Goodwill": -2689000000.0,
            "Net Income From Continuing Operation Net Minority Interest": 73795000000.0,
            "Reconciled Depreciation": 11946000000.0,
            "Reconciled Cost Of Revenue": 133332000000.0,
            "EBITDA": 97971000000.0,
            "EBIT": 86025000000.0,
            "Net Interest Income": 3557000000.0,
            "Interest Expense": 308000000.0,
            "Interest Income": 3865000000.0,
            "Normalized Income": 76110229000.0,
            "Net Income From Continuing And Discontinued Operation": 73795000000.0,
            "Total Expenses": 223101000000.0,
            "Total Operating Income As Reported": 84293000000.0,
            "Diluted Average Shares": 12722000000.0,
            "Basic Average Shares": 12630000000.0,
            "Diluted EPS": 5.8,
            "Basic EPS": 5.84,
            "Diluted NI Availto Com Stockholders": 73795000000.0,
            "Net Income Common Stockholders": 73795000000.0,
            "Net Income": 73795000000.0,
            "Net Income Including Noncontrolling Interests": 73795000000.0,
            "Net Income Continuous Operations": 73795000000.0,
            "Tax Provision": 11922000000.0,
            "Pretax Income": 85717000000.0,
            "Other Income Expense": -2133000000.0,
            "Other Non Operating Income Expenses": 556000000.0,
            "Special Income Charges": -628000000.0,
            "Write Off": 628000000.0,
            "Earnings From Equity Interest": -628000000.0,
            "Gain On Sale Of Security": -2061000000.0,
            "Net Non Operating Interest Income Expense": 3557000000.0,
            "Interest Expense Non Operating": 308000000.0,
            "Interest Income Non Operating": 3865000000.0,
            "Operating Income": 84293000000.0,
            "Operating Expense": 89769000000.0,
            "Research And Development": 45427000000.0,
            "Selling General And Administration": 44342000000.0,
            "Selling And Marketing Expense": 27917000000.0,
            "General And Administrative Expense": 16425000000.0,
            "Other Gand A": 16425000000.0,
            "Gross Profit": 174062000000.0,
            "Cost Of Revenue": 133332000000.0,
            "Total Revenue": 307394000000.0,
            "Operating Revenue": 307394000000.0
          },
          "2022-12-31 00:00:00": {
            "Tax Effect Of Unusual Items": -1035090000.0,
            "Tax Rate For Calcs": 0.159,
            "Normalized EBITDA": 91670000000.0,
            "Total Unusual Items": -6510000000.0,
            "Total Unusual Items Excluding Goodwill": -6510000000.0,
            "Net Income From Continuing Operation Net Minority Interest": 59972000000.0,
            "Reconciled Depreciation": 13475000000.0,
            "Reconciled Cost Of Revenue": 126203000000.0,
            "EBITDA": 85160000000.0,
            "EBIT": 71685000000.0,
            "Net Interest Income": 1817000000.0,
            "Interest Expense": 357000000.0,
            "Interest Income": 2174000000.0,
            "Normalized Income": 65446910000.0,
            "Net Income From Continuing And Discontinued Operation": 59972000000.0,
            "Total Expenses": 207994000000.0,
            "Total Operating Income As Reported": 74842000000.0,
            "Diluted Average Shares": 13159000000.0,
            "Basic Average Shares": 13063000000.0,
            "Diluted EPS": 4.56,
            "Basic EPS": 4.59,
            "Diluted NI Availto Com Stockholders": 59972000000.0,
            "Net Income Common Stockholders": 59972000000.0,
            "Net Income": 59972000000.0,
            "Net Income Including Noncontrolling Interests": 59972000000.0,
            "Net Income Continuous Operations": 59972000000.0,
            "Tax Provision": 11356000000.0,
            "Pretax Income": 71328000000.0,
            "Other Income Expense": -5331000000.0,
            "Other Non Operating Income Expenses": 1179000000.0,
            "Special Income Charges": -337000000.0,
            "Write Off": 337000000.0,
            "Earnings From Equity Interest": -337000000.0,
            "Gain On Sale Of Security": -6173000000.0,
            "Net Non Operating Interest Income Expense": 1817000000.0,
            "Interest Expense Non Operating": 357000000.0,
            "Interest Income Non Operating": 2174000000.0,
            "Operating Income": 74842000000.0,
            "Operating Expense": 81791000000.0,
            "Research And Development": 39500000000.0,
            "Selling General And Administration": 42291000000.0,
            "Selling And Marketing Expense": 26567000000.0,
            "General And Administrative Expense": 15724000000.0,
            "Other Gand A": 15724000000.0,
            "Gross Profit": 156633000000.0,
            "Cost Of Revenue": 126203000000.0,
            "Total Revenue": 282836000000.0,
            "Operating Revenue": 282836000000.0
          },
          "2021-12-31 00:00:00": {
            "Tax Effect Of Unusual Items": 2002968000.0,
            "Tax Rate For Calcs": 0.162,
            "Normalized EBITDA": 91157000000.0,
            "Total Unusual Items": 12364000000.0,
            "Total Unusual Items Excluding Goodwill": 12364000000.0,
            "Net Income From Continuing Operation Net Minority Interest": 76033000000.0,
            "Reconciled Depreciation": 12441000000.0,
            "Reconciled Cost Of Revenue": 110939000000.0,
            "EBITDA": 103521000000.0,
            "EBIT": 91080000000.0,
            "Net Interest Income": 1153000000.0,
            "Interest Expense": 346000000.0,
            "Interest Income": 1499000000.0,
            "Normalized Income": 65671968000.0,
            "Net Income From Continuing And Discontinued Operation": 76033000000.0,
            "Total Expenses": 178923000000.0,
            "Total Operating Income As Reported": 78714000000.0,
            "Diluted Average Shares": 13553480000.0,
            "Basic Average Shares": 13353000000.0,
            "Diluted EPS": 5.61,
            "Basic EPS": 5.694,
            "Diluted NI Availto Com Stockholders": 76033000000.0,
            "Net Income Common Stockholders": 76033000000.0,
            "Net Income": 76033000000.0,
            "Net Income Including Noncontrolling Interests": 76033000000.0,
            "Net Income Continuous Operations": 76033000000.0,
            "Tax Provision": 14701000000.0,
            "Pretax Income": 90734000000.0,
            "Other Income Expense": 10867000000.0,
            "Other Non Operating Income Expenses": -1497000000.0,
            "Special Income Charges": 334000000.0,
            "Write Off": -334000000.0,
            "Earnings From Equity Interest": 334000000.0,
            "Gain On Sale Of Security": 12030000000.0,
            "Net Non Operating Interest Income Expense": 1153000000.0,
            "Interest Expense Non Operating": 346000000.0,
            "Interest Income Non Operating": 1499000000.0,
            "Operating Income": 78714000000.0,
            "Operating Expense": 67984000000.0,
            "Research And Development": 31562000000.0,
            "Selling General And Administration": 36422000000.0,
            "Selling And Marketing Expense": 22912000000.0,
            "General And Administrative Expense": 13510000000.0,
            "Other Gand A": 13510000000.0,
            "Gross Profit": 146698000000.0,
            "Cost Of Revenue": 110939000000.0,
            "Total Revenue": 257637000000.0,
            "Operating Revenue": 257637000000.0
          }
        },
        "cashflow": {
          "2024-12-31 00:00:00": {
            "Free Cash Flow": 72764000000.0,
            "Repurchase Of Capital Stock": -62222000000.0,
            "Repayment Of Debt": -12701000000.0,
            "Issuance Of Debt": 13589000000.0,
            "Capital Expenditure": -52535000000.0,
            "Income Tax Paid Supplemental Data": NaN,
            "End Cash Position": 23466000000.0,
            "Beginning Cash Position": 24048000000.0,
            "Effect Of Exchange Rate Changes": -612000000.0,
            "Changes In Cash": 30000000.0,
            "Financing Cash Flow": -79733000000.0,
            "Cash Flow From Continuing Financing Activities": -79733000000.0,
            "Net Other Financing Charges": 1154000000.0,
            "Proceeds From Stock Option Exercised": -12190000000.0,
            "Cash Dividends Paid": -7363000000.0,
            "Common Stock Dividend Paid": -7363000000.0,
            "Net Common Stock Issuance": -62222000000.0,
            "Common Stock Payments": -62222000000.0,
            "Net Issuance Payments Of Debt": 888000000.0,
            "Net Long Term Debt Issuance": 888000000.0,
            "Long Term Debt Payments": -12701000000.0,
            "Long Term Debt Issuance": 13589000000.0,
            "Investing Cash Flow": -45536000000.0,
            "Cash Flow From Continuing Investing Activities": -45536000000.0,
            "Net Other Investing Changes": -2667000000.0,
            "Net Investment Purchase And Sale": 12597000000.0,
            "Sale Of Investment": 104310000000.0,
            "Purchase Of Investment": -91713000000.0,
            "Net Business Purchase And Sale": -2931000000.0,
            "Purchase Of Business": -2931000000.0,
            "Net PPE Purchase And Sale": -52535000000.0,
            "Purchase Of PPE": -52535000000.0,
            "Operating Cash Flow": 125299000000.0,
            "Cash Flow From Continuing Operating Activities": 125299000000.0,
            "Change In Working Capital": -8406000000.0,
            "Change In Other Working Capital": -1375000000.0,
            "Change In Other Current Assets": -1397000000.0,
            "Change In Payables And Accrued Expense": 257000000.0,
            "Change In Accrued Expense": -102000000.0,
            "Change In Payable": 359000000.0,
            "Change In Account Payable": 359000000.0,
            "Change In Receivables": -5891000000.0,
            "Changes In Account Receivables": -5891000000.0,
            "Other Non Cash Items": 3419000000.0,
            "Stock Based Compensation": 22785000000.0,
            "Deferred Tax": -5257000000.0,
            "Deferred Income Tax": -5257000000.0,
            "Depreciation Amortization Depletion": 15311000000.0,
            "Depreciation And Amortization": 15311000000.0,
            "Amortization Cash Flow": NaN,
            "Amortization Of Intangibles": NaN,
            "Depreciation": 15311000000.0,
            "Operating Gains Losses": -2671000000.0,
            "Gain Loss On Investment Securities": -2671000000.0,
            "Net Income From Continuing Operations": 100118000000.0
          },
          "2023-12-31 00:00:00": {
            "Free Cash Flow": 69495000000.0,
            "Repurchase Of Capital Stock": -61504000000.0,
            "Repayment Of Debt": -11550000000.0,
            "Issuance Of Debt": 10790000000.0,
            "Capital Expenditure": -32251000000.0,
            "Income Tax Paid Supplemental Data": 19164000000.0,
            "End Cash Position": 24048000000.0,
            "Beginning Cash Position": 21879000000.0,
            "Effect Of Exchange Rate Changes": -421000000.0,
            "Changes In Cash": 2590000000.0,
            "Financing Cash Flow": -72093000000.0,
            "Cash Flow From Continuing Financing Activities": -72093000000.0,
            "Net Other Financing Charges": 8000000.0,
            "Proceeds From Stock Option Exercised": -9837000000.0,
            "Cash Dividends Paid": 0.0,
            "Common Stock Dividend Paid": 0.0,
            "Net Common Stock Issuance": -61504000000.0,
            "Common Stock Payments": -61504000000.0,
            "Net Issuance Payments Of Debt": -760000000.0,
            "Net Long Term Debt Issuance": -760000000.0,
            "Long Term Debt Payments": -11550000000.0,
            "Long Term Debt Issuance": 10790000000.0,
            "Investing Cash Flow": -27063000000.0,
            "Cash Flow From Continuing Investing Activities": -27063000000.0,
            "Net Other Investing Changes": -1051000000.0,
            "Net Investment Purchase And Sale": 6734000000.0,
            "Sale Of Investment": 87619000000.0,
            "Purchase Of Investment": -80885000000.0,
            "Net Business Purchase And Sale": -495000000.0,
            "Purchase Of Business": -495000000.0,
            "Net PPE Purchase And Sale": -32251000000.0,
            "Purchase Of PPE": -32251000000.0,
            "Operating Cash Flow": 101746000000.0,
            "Cash Flow From Continuing Operating Activities": 101746000000.0,
            "Change In Working Capital": -3845000000.0,
            "Change In Other Working Capital": 1048000000.0,
            "Change In Other Current Assets": -2143000000.0,
            "Change In Payables And Accrued Expense": 5083000000.0,
            "Change In Accrued Expense": 4419000000.0,
            "Change In Payable": 664000000.0,
            "Change In Account Payable": 664000000.0,
            "Change In Receivables": -7833000000.0,
            "Changes In Account Receivables": -7833000000.0,
            "Other Non Cash Items": 4330000000.0,
            "Stock Based Compensation": 22460000000.0,
            "Deferred Tax": -7763000000.0,
            "Deferred Income Tax": -7763000000.0,
            "Depreciation Amortization Depletion": 11946000000.0,
            "Depreciation And Amortization": 11946000000.0,
            "Amortization Cash Flow": NaN,
            "Amortization Of Intangibles": NaN,
            "Depreciation": 11946000000.0,
            "Operating Gains Losses": 823000000.0,
            "Gain Loss On Investment Securities": 823000000.0,
            "Net Income From Continuing Operations": 73795000000.0
          },
          "2022-12-31 00:00:00": {
            "Free Cash Flow": 60010000000.0,
            "Repurchase Of Capital Stock": -59296000000.0,
            "Repayment Of Debt": -54068000000.0,
            "Issuance Of Debt": 52872000000.0,
            "Capital Expenditure": -31485000000.0,
            "Income Tax Paid Supplemental Data": 18892000000.0,
            "End Cash Position": 21879000000.0,
            "Beginning Cash Position": 20945000000.0,
            "Effect Of Exchange Rate Changes": -506000000.0,
            "Changes In Cash": 1440000000.0,
            "Financing Cash Flow": -69757000000.0,
            "Cash Flow From Continuing Financing Activities": -69757000000.0,
            "Net Other Financing Charges": 35000000.0,
            "Proceeds From Stock Option Exercised": -9300000000.0,
            "Cash Dividends Paid": 0.0,
            "Common Stock Dividend Paid": 0.0,
            "Net Common Stock Issuance": -59296000000.0,
            "Common Stock Payments": -59296000000.0,
            "Net Issuance Payments Of Debt": -1196000000.0,
            "Net Long Term Debt Issuance": -1196000000.0,
            "Long Term Debt Payments": -54068000000.0,
            "Long Term Debt Issuance": 52872000000.0,
            "Investing Cash Flow": -20298000000.0,
            "Cash Flow From Continuing Investing Activities": -20298000000.0,
            "Net Other Investing Changes": 1589000000.0,
            "Net Investment Purchase And Sale": 16567000000.0,
            "Sale Of Investment": 97972000000.0,
            "Purchase Of Investment": -81405000000.0,
            "Net Business Purchase And Sale": -6969000000.0,
            "Purchase Of Business": -6969000000.0,
            "Net PPE Purchase And Sale": -31485000000.0,
            "Purchase Of PPE": -31485000000.0,
            "Operating Cash Flow": 91495000000.0,
            "Cash Flow From Continuing Operating Activities": 91495000000.0,
            "Change In Working Capital": -2235000000.0,
            "Change In Other Working Capital": 951000000.0,
            "Change In Other Current Assets": -5046000000.0,
            "Change In Payables And Accrued Expense": 4177000000.0,
            "Change In Accrued Expense": 3470000000.0,
            "Change In Payable": 707000000.0,
            "Change In Account Payable": 707000000.0,
            "Change In Receivables": -2317000000.0,
            "Changes In Account Receivables": -2317000000.0,
            "Other Non Cash Items": 3483000000.0,
            "Stock Based Compensation": 19362000000.0,
            "Deferred Tax": -8081000000.0,
            "Deferred Income Tax": -8081000000.0,
            "Depreciation Amortization Depletion": 13475000000.0,
            "Depreciation And Amortization": 13475000000.0,
            "Amortization Cash Flow": 641000000.0,
            "Amortization Of Intangibles": 641000000.0,
            "Depreciation": 13475000000.0,
            "Operating Gains Losses": 5519000000.0,
            "Gain Loss On Investment Securities": 5519000000.0,
            "Net Income From Continuing Operations": 59972000000.0
          },
          "2021-12-31 00:00:00": {
            "Free Cash Flow": 67012000000.0,
            "Repurchase Of Capital Stock": -50274000000.0,
            "Repayment Of Debt": -21435000000.0,
            "Issuance Of Debt": 20199000000.0,
            "Capital Expenditure": -24640000000.0,
            "Income Tax Paid Supplemental Data": 13412000000.0,
            "End Cash Position": 20945000000.0,
            "Beginning Cash Position": 26465000000.0,
            "Effect Of Exchange Rate Changes": -287000000.0,
            "Changes In Cash": -5233000000.0,
            "Financing Cash Flow": -61362000000.0,
            "Cash Flow From Continuing Financing Activities": -61362000000.0,
            "Net Other Financing Charges": 310000000.0,
            "Proceeds From Stock Option Exercised": -10162000000.0,
            "Cash Dividends Paid": NaN,
            "Common Stock Dividend Paid": NaN,
            "Net Common Stock Issuance": -50274000000.0,
            "Common Stock Payments": -50274000000.0,
            "Net Issuance Payments Of Debt": -1236000000.0,
            "Net Long Term Debt Issuance": -1236000000.0,
            "Long Term Debt Payments": -21435000000.0,
            "Long Term Debt Issuance": 20199000000.0,
            "Investing Cash Flow": -35523000000.0,
            "Cash Flow From Continuing Investing Activities": -35523000000.0,
            "Net Other Investing Changes": 541000000.0,
            "Net Investment Purchase And Sale": -8806000000.0,
            "Sale Of Investment": 129228000000.0,
            "Purchase Of Investment": -138034000000.0,
            "Net Business Purchase And Sale": -2618000000.0,
            "Purchase Of Business": -2618000000.0,
            "Net PPE Purchase And Sale": -24640000000.0,
            "Purchase Of PPE": -24640000000.0,
            "Operating Cash Flow": 91652000000.0,
            "Cash Flow From Continuing Operating Activities": 91652000000.0,
            "Change In Working Capital": -1523000000.0,
            "Change In Other Working Capital": 149000000.0,
            "Change In Other Current Assets": -1846000000.0,
            "Change In Payables And Accrued Expense": 9269000000.0,
            "Change In Accrued Expense": 8986000000.0,
            "Change In Payable": 283000000.0,
            "Change In Account Payable": 283000000.0,
            "Change In Receivables": -9095000000.0,
            "Changes In Account Receivables": -9095000000.0,
            "Other Non Cash Items": -213000000.0,
            "Stock Based Compensation": 15376000000.0,
            "Deferred Tax": 1808000000.0,
            "Deferred Income Tax": 1808000000.0,
            "Depreciation Amortization Depletion": 12441000000.0,
            "Depreciation And Amortization": 12441000000.0,
            "Amortization Cash Flow": 886000000.0,
            "Amortization Of Intangibles": 886000000.0,
            "Depreciation": 11555000000.0,
            "Operating Gains Losses": -12270000000.0,
            "Gain Loss On Investment Securities": -12270000000.0,
            "Net Income From Continuing Operations": 76033000000.0
          }
        },
        "annual_revenue": {
          "2024-12-31 00:00:00": 350018000000.0,
          "2023-12-31 00:00:00": 307394000000.0,
          "2022-12-31 00:00:00": 282836000000.0,
          "2021-12-31 00:00:00": 257637000000.0
        },
        "recent_annual_growth": 13.866243322901553,
        "quarterly_revenue": {
          "2025-09-30 00:00:00": 102346000000.0,
          "2025-06-30 00:00:00": 96428000000.0,
          "2025-03-31 00:00:00": 90234000000.0,
          "2024-12-31 00:00:00": 96469000000.0,
          "2024-09-30 00:00:00": 88268000000.0
        },
        "recent_quarterly_growth": 6.137221553905505,
        "current_revenue": 385476001792,
        "revenue_growth": 0.159,
        "quarterly_revenue_growth": 0
      },
      "free_cash_flow": 72764000000.0,
      "total_debt": 44195000320,
      "total_cash": 98496004096,
      "shares_outstanding": 5818000000,
      "current_price": 313.0,
      "beta": 1.07,
      "pe_ratio": 30.86785,
      "pb_ratio": 9.7711735,
      "ps_ratio": 9.834838,
      "peg_ratio": null,
      "roe": 0.3545,
      "roa": 0.16275999,
      "debt_to_equity": 0.11424,
      "current_ratio": 1.747,
      "revenue_growth": 0.159,
      "earnings_growth": 0.353,
      "dividend_yield": 0.27,
      "payout_ratio": 0.0809,
      "profit_margin": 32.233003,
      "quick_ratio": 1.563,
      "book_value_per_share": 32.033,
      "cash_per_share": 8.162,
      "fifty_two_week_high": 328.83,
      "fifty_two_week_low": 140.53
    },
    "quality_score": {
      "quality_score": 77,
      "grade": "B",
      "data_quality": "High",
      "missing_penalty": 0
    },
    "analyses": {
      "technical": {
        "method": "Technical Analysis",
        "current_price": 313.0,
        "predicted_price": 282.56549890762335,
        "price_targets": {
          "short_term": 363.7241684872944,
          "medium_term": 414.4483369745888,
          "support_level": 133.13583494687083
        },
        "recommendation": "Sell",
        "ma_20": 312.1946716308594,
        "ma_50": 296.47462646484377,
        "ma_200": 217.0616635131836,
        "trend": "Strong Uptrend",
        "volatility_annual": 0.3241160925705714,
        "high_52w": 328.6150374741804,
        "low_52w": 140.14298415460087,
        "distance_from_high": -0.047517720412923195,
        "distance_from_low": 1.2334332459676274,
        "volume_trend": "Average Daily Volume:36258409.6, Trend: Below Average",
        "rsi_14": 56.94519142609957,
        "macd_line": 4.142082537068063,
        "macd_signal": 5.101833247451758,
        "macd_histogram": -0.9597507103836946,
        "bb_upper": 324.2037309631495,
        "bb_lower": 300.18561229856925,
        "stoch_k": 69.04631856423292,
        "stoch_d": 69.004763389661,
        "technical_signals": {
          "recommendation": "Sell",
          "bullish_signals": 3,
          "bearish_signals": 5,
          "net_signal": -2,
          "signal_details": [
            "Strong MA uptrend",
            "RSI bearish zone",
            "MACD bearish crossover",
            "MACD histogram negative",
            "Near 52-week high"
          ]
        },
        "chart_data": {
          "prices": [
            319.42108154296875,
            317.4123840332031,
            321.0599670410156,
            313.7200012207031,
            317.0799865722656,
            320.2099914550781,
            312.42999267578125,
            309.2900085449219,
            308.2200012207031,
            306.57000732421875,
            296.7200012207031,
            302.4599914550781,
            307.1600036621094,
            309.7799987792969,
            314.3500061035156,
            314.0899963378906,
            313.510009765625,
            313.55999755859375,
            313.8500061035156,
            313.0
          ],
          "dates": [
            "12/03",
            "12/04",
            "12/05",
            "12/08",
            "12/09",
            "12/10",
            "12/11",
            "12/12",
            "12/15",
            "12/16",
            "12/17",
            "12/18",
            "12/19",
            "12/22",
            "12/23",
            "12/24",
            "12/26",
            "12/29",
            "12/30",
            "12/31"
          ]
        },
        "analysis_type": "technical"
      },
      "competitive_position": {
        "method": "Competitive Position Analysis",
        "applicable": true,
        "overall_position_score": 9.6,
        "competitive_strength": "Dominant",
        "market_share_estimate": 0.15,
        "position_trend": "Strengthening",
        "key_differentiators": [
          "Scale Economics",
          "Superior Profitability"
        ],
        "competitive_advantages": [
          "Scale Economics",
          "Financial Performance"
        ],
        "competitive_threats": [],
        "strategic_risks": [],
        "confidence": "Medium",
        "recommendation": "Strong Buy",
        "analysis_type": "competitive_position",
        "current_price": 313.0
      },
      "comparable": {
        "method": "Comparable Analysis",
        "applicable": true,
        "target_multiples": {
          "pe": 18.0,
          "ps": 2.5,
          "pb": 2.0,
          "ev_ebitda": 12.0
        },
        "fair_values": {
          "pe_fair_value": 384.41353407493983,
          "ps_fair_value": 165.6393957511172
        },
        "predicted_price": 275.0264649130285,
        "current_price": 313.0,
        "upside_downside_pct": -12.132119836093125,
        "recommendation": "Sell",
        "confidence": "Medium",
        "sector": "Communication Services",
        "industry": "Internet Content & Information",
        "parameters_used": {
          "pe_multiple": "18.0x",
          "ps_multiple": "2.5x",
          "quality_adjustment": "B"
        },
        "analysis_type": "comparable"
      },
      "management_quality": {
        "method": "Management Quality Analysis",
        "applicable": true,
        "overall_quality_score": 4.5,
        "management_quality": "Average",
        "governance_risk": "Very High",
        "executive_count": 5,
        "insider_ownership": 0.0056800004,
        "strengths": [
          "Strong financial performance under current management"
        ],
        "concerns": [
          "High governance risk requires attention",
          "Very low insider ownership may indicate lack of alignment"
        ],
        "key_insights": [
          "Leadership team of 5 key executives identified",
          "Average executive compensation: $4,959,667"
        ],
        "confidence": "Medium",
        "recommendation": "Hold",
        "analysis_type": "management_quality",
        "current_price": 313.0
      },
      "analyst_consensus": {
        "method": "Professional Analyst Consensus",
        "applicable": true,
        "current_price": 313.0,
        "predicted_price": 330.2437,
        "target_high": 432.0,
        "target_low": 185.0,
        "upside_downside_pct": 5.50916932907348,
        "recommendation": "Strong Buy",
        "recommendation_mean": 1.46269,
        "num_analysts": 54,
        "confidence": "High",
        "analysis_type": "analyst_consensus"
      },
      "dcf": {
        "method": "DCF Analysis",
        "applicable": true,
        "predicted_price": 303.84416450786244,
        "current_price": 313.0,
        "upside_downside_pct": -2.9251870581909123,
        "total_equity_value": 1767765349106.7437,
        "confidence": "Medium",
        "valuation": "Fair Value",
        "recommendation": "Hold",
        "dcf_calculations": {
          "wacc": 0.078663149770247,
          "cost_equity": 0.0826859,
          "ev_ebitda_multiple": 25.643,
          "ev_ebitda_multiple_used": 12.0,
          "fcf_cagr": 0.0374347236605202,
          "ebitda_cagr": 0.08,
          "fcf_future": 87442077116.39432,
          "ebitda_future": 198938205630.25928,
          "terminal_value_pg": 1670198812929.1208,
          "terminal_value_ebitda_multiple": 2387258467563.1113,
          "average_terminal_value": 2028728640246.1162,
          "adjusted_terminal_value": 2028728640246.1162,
          "terminal_adjustment_factor": 1.0,
          "projected_free_cash_flows": [
            75487900232.43408,
            78313768917.34818,
            81245423215.58293,
            84286823182.34029,
            87442077116.39432
          ],
          "present_value_free_cash_flows": [
            69982830366.00708,
            67307961987.209656,
            64735331840.36812,
            62261032198.22521,
            59881304693.81699
          ],
          "pv_fcf": 324168461085.6271,
          "pv_terminal_value": 1389295884245.1167,
          "enterprise_value": 1713464345330.7437,
          "adjusted_debt": -54301003776,
          "equity_value": 1767765349106.7437,
          "share_price": 303.84416450786244,
          "ticker_symbol": "GOOGL",
          "last_close_price": 313.85,
          "confidence": "Medium",
          "terminal_ratio": 0.8622258232618217
        },
        "parameters_used": {
          "max_cagr": "8.0%",
          "terminal_growth": "2.5%",
          "sector": "Communication Services",
          "industry": "Internet Content & Information",
          "quality_adjustment": "B",
          "valuation_discount": null
        },
        "analysis_type": "dcf"
      },
      "news_sentiment": {
        "method": "News Sentiment Analysis",
        "applicable": true,
        "overall_sentiment_score": -0.030000000000000006,
        "sentiment_rating": "Neutral",
        "news_count": 5,
        "recent_news": [
          {
            "title": "AI trade will fracture into winners & losers: Top stock picks",
            "summary": "Artificial intelligence (AI) will continue to be a key pillar of market gains in 2026, Sevens Report research founder Tom Essaye tells Market Domination host Josh Lipton. Essaye says the AI trade could become more fractured, highlighting which AI stocks he expects to be winners and losers. To watch more expert insights and analysis on the latest market action, check out more&nbsp;Market Domination.",
            "date": "2026-01-01",
            "source": "Yahoo Finance Video",
            "url": "https://finance.yahoo.com/video/ai-trade-fracture-winners-losers-200000655.html",
            "sentiment": "neutral",
            "sentiment_score": 0.0
          },
          {
            "title": "Stock market today: Dow, S&P 500, Nasdaq post double-digit gains in 2025 as AI trade powers market once again",
            "summary": "Wall Street prepared to wrap up an eventful, roller-coaster trading year with sizable gains.",
            "date": "2025-12-31",
            "source": "Yahoo Finance",
            "url": "https://finance.yahoo.com/news/live/stock-market-today-dow-sp-500-nasdaq-post-double-digit-gains-in-2025-as-ai-trade-powers-market-once-again-210012468.html",
            "sentiment": "neutral",
            "sentiment_score": 0.0
          },
          {
            "title": "Trust Wallet Goes Dark on Chrome \u2013 $7M Hack Victims Left Waiting for Claims Tool",
            "summary": "Trust Wallet users affected by a recent browser extension hack are facing fresh delays after the wallet provider confirmed that its Chrome extension has been temporarily removed from the Chrome Web Store. This resulted in slowing the rollout of a key claims verification tool tied to the incident.Trust Wallet chief ...",
            "date": "2026-01-01",
            "source": "Cryptonews",
            "url": "https://cryptonews.com/news/trust-wallet-chrome-bug-delays-hack-reimbursement/",
            "sentiment": "neutral",
            "sentiment_score": 0.0
          },
          {
            "title": "'Two Old Dogs Trying To Learn New Tricks' \u2014 Dave Ramsey Steps In As $40,000\u2013$50,000 Tax Bill And A 130-Year-Old Farm Trigger A Major Marriage Fight",
            "summary": "A 130-year-old family farm and a looming $40,000\u2013$50,000 tax bill pushed a routine housing decision into a serious marriage fight. Nearly two years into his marriage, Dan called \"The Ramsey Show\" amid rising tensions over housing and finances. At the center of the disagreement is whether to sell a 130-year-old family farm now and pay an estimated $40,000\u2013$50,000 in capital gains taxes, or keep the land for several more years while purchasing a home another way. After hearing the details, persona",
            "date": "2026-01-01",
            "source": "Benzinga",
            "url": "https://finance.yahoo.com/news/two-old-dogs-trying-learn-190158519.html",
            "sentiment": "neutral",
            "sentiment_score": -0.15000000000000002
          },
          {
            "title": "'Paint Or Get Off The Ladder,' Dave Ramsey Advises Caller As 8-Year Relationship And $60,000 Debt Bring 'Nightmares'",
            "summary": "David, a caller from Boise, Idaho, turned to \"The Ramsey Show\" over growing money tensions in his eight-year relationship. He told hosts personal finance expert Dave Ramsey and Ken Coleman that he and his girlfriend have accumulated about $60,000 in debt and earn roughly $10,000 a month combined. David described himself as focused on budgeting and debt reduction, while his girlfriend, also 38, is more spontaneous with money. He wants to aggressively pay down the debt, but she prefers that he beg",
            "date": "2026-01-01",
            "source": "Benzinga",
            "url": "https://finance.yahoo.com/news/paint-off-ladder-dave-ramsey-154609818.html",
            "sentiment": "neutral",
            "sentiment_score": 0.0
          }
        ],
        "key_developments": [],
        "sentiment_drivers": [],
        "risk_factors": [],
        "overall_summary": [
          "The overall sentiment score is slightly negative due to a single article with a sentiment score of -0.15, which discusses a marriage fight triggered by a large tax bill and debt, introducing a negative tone to the otherwise neutral collection of articles",
          "Most articles have a neutral sentiment score of 0.00, indicating a focus on factual reporting of market trends, AI trade, and financial advice without expressing a strong emotional tone",
          "The presence of articles with a neutral sentiment score, such as those discussing stock market gains and AI trade, suggests that the negative sentiment is not dominant and may be outweighed by more positive or neutral developments in the financial sector",
          "The low overall sentiment score of -0.03 suggests that the negative tone in one article has a limited impact on the overall collection, and the general outlook remains relatively stable and neutral"
        ],
        "confidence": "Medium",
        "recommendation": "Hold",
        "analysis_type": "news_sentiment",
        "current_price": 313.0
      },
      "ai_insights": {
        "method": "AI Insights Analysis",
        "applicable": true,
        "current_price": 313.0,
        "predicted_price": 391.25,
        "recommendation": "Strong Buy",
        "confidence": "High",
        "ai_insights": {
          "market_position": "Strong",
          "growth_prospects": "High",
          "competitive_advantage": "Strong",
          "management_quality": "Excellent",
          "industry_outlook": "Very Positive",
          "key_strengths": [
            "Diversified revenue streams through Google Search, YouTube, Google Cloud, and Hardware",
            "Strong brand recognition and market dominance in the online advertising space"
          ],
          "key_risks": [
            "Increasing regulatory scrutiny and potential antitrust lawsuits",
            "Dependence on advertising revenue, which can be affected by economic downturns"
          ],
          "ai_method": "LLM"
        },
        "revenue_trends": {
          "trend_assessment": "Strong Growth",
          "growth_rate": 15.9,
          "growth_consistency": "Consistent",
          "future_outlook": "Very Positive",
          "ai_method": "LLM"
        },
        "market_analysis": {
          "market_cap_category": "Mega Cap",
          "sector": "Communication Services",
          "industry": "Internet Content & Information",
          "beta": 1.07
        },
        "ai_methods_used": {
          "insights": "LLM",
          "revenue_trends": "LLM"
        },
        "risk_factors": [],
        "analysis_type": "ai_insights"
      },
      "business_model": {
        "method": "Business Model Analysis",
        "applicable": true,
        "business_model_type": "Platform",
        "primary_revenue_stream": "Mixed",
        "revenue_quality": "Excellent",
        "recurring_percentage": 0.40070948561926667,
        "scalability_score": 8.5,
        "growth_consistency": null,
        "strengths": [
          "Diversified product portfolio reduces concentration risk",
          "Strong innovation capabilities drive competitive advantage",
          "High cross-selling potential enhances customer lifetime value",
          "Strong brand provides pricing power and market position",
          "Strong technology moat provides sustainable competitive advantage"
        ],
        "risks": [
          "Low switching costs increase customer churn risk",
          "Competitive threat: Increasing competition from specialized search engines and vertical search platforms",
          "Competitive threat: Regulatory scrutiny and potential antitrust lawsuits"
        ],
        "competitive_moat": "Strong - Network effects and ecosystem lock-in",
        "confidence": "Medium",
        "recommendation": "Strong Buy",
        "product_portfolio": {
          "product_breadth": "Broad",
          "product_depth": "Deep",
          "core_products": [
            "Google Search",
            "Google Ads",
            "YouTube"
          ],
          "innovation_level": "High",
          "cross_selling_potential": "High",
          "product_strengths": [
            "Diversified Revenue Streams",
            "Strong Brand Recognition"
          ],
          "product_weaknesses": [
            "Dependence on Advertising Revenue",
            "Increasing Competition from Other Tech Giants"
          ],
          "data_source": "SEC Filing + LLM Analysis"
        },
        "competitive_differentiation": {
          "differentiation_strategy": "Hybrid",
          "competitive_advantages": [
            "Unparalleled search algorithm and indexing capabilities",
            "Diversified revenue streams through Google Ads, YouTube, and other subsidiaries",
            "Strong brand recognition and loyalty"
          ],
          "unique_value_propositions": [
            "Providing relevant and accurate search results, making it an essential tool for users",
            "Offering a comprehensive platform for content creators and advertisers to reach their target audience"
          ],
          "key_competitors": [
            "Microsoft (Bing)",
            "Facebook (Meta)",
            "Amazon"
          ],
          "competitive_positioning": "Leader",
          "barriers_to_entry": [
            "High research and development costs to develop a competitive search algorithm",
            "Established brand recognition and user loyalty"
          ],
          "switching_costs": "Low",
          "brand_strength": "Strong",
          "technology_moat": "Strong",
          "distribution_advantages": [
            "Widespread adoption of Google Search and Google Ads across various platforms",
            "Strategic partnerships with device manufacturers and browser providers"
          ],
          "competitive_threats": [
            "Increasing competition from specialized search engines and vertical search platforms",
            "Regulatory scrutiny and potential antitrust lawsuits"
          ]
        },
        "segment_revenue_data": {
          "primary_segments": [
            {
              "segment_name": "Google Search and Advertising",
              "revenue_percentage": 70.8,
              "growth_trend": "Growing",
              "margin_profile": "High"
            },
            {
              "segment_name": "YouTube Advertising",
              "revenue_percentage": 11.4,
              "growth_trend": "Growing",
              "margin_profile": "Medium"
            },
            {
              "segment_name": "Google Cloud",
              "revenue_percentage": 8.4,
              "growth_trend": "Growing",
              "margin_profile": "Low"
            },
            {
              "segment_name": "Other Bets",
              "revenue_percentage": 5.4,
              "growth_trend": "Growing",
              "margin_profile": "Low"
            },
            {
              "segment_name": "Hardware",
              "revenue_percentage": 4.0,
              "growth_trend": "Stable",
              "margin_profile": "Low"
            }
          ],
          "revenue_diversification": "Medium",
          "fastest_growing_segment": "Google Cloud",
          "largest_segment": "Google Search and Advertising",
          "segment_risks": [
            "Regulatory risks related to antitrust and data protection",
            "Intense competition in the digital advertising market",
            "Dependence on a few large advertisers"
          ],
          "cross_segment_synergies": [
            "Integration of Google Search and YouTube Advertising to provide a comprehensive advertising platform",
            "Use of Google Cloud to support the growth of YouTube and other Alphabet subsidiaries"
          ]
        },
        "sec_edgar_data": {
          "ticker": "GOOGL",
          "data_available": true,
          "cik": 1652044,
          "filing_facts": {
            "total_xbrl_fields": 501,
            "entity_name": "Alphabet Inc.",
            "cik": 1652044
          },
          "segment_fields_count": 0,
          "latest_10k": {
            "form": "10-K",
            "filing_date": "2025-02-05",
            "accession_number": "0001652044-25-000014",
            "primary_document": "goog-20241231.htm"
          },
          "business_description": {
            "filing_date": "2025-02-05",
            "description_length": 19,
            "data_source": "SEC 10-K Filing"
          },
          "segment_data": {
            "ticker": "GOOGL",
            "segment_data": {
              "primary_segments": [
                {
                  "segment_name": "Total Company",
                  "revenue": 90234000000,
                  "revenue_percentage": 100.0,
                  "operating_income": 93105000000,
                  "operating_margin": 103.18,
                  "margin_profile": "High"
                }
              ],
              "total_revenue": 90234000000,
              "total_operating_income": 93105000000
            },
            "data_source": "SEC EDGAR XBRL"
          },
          "management_data": {
            "ticker": "GOOGL",
            "cik": 1652044,
            "management_metrics": {
              "proxy_filings_found": 2,
              "latest_proxy_date": "2025-04-25",
              "executive_compensation_disclosed": true,
              "board_composition_disclosed": true,
              "insider_ownership_disclosed": true
            },
            "data_source": "SEC EDGAR"
          }
        },
        "analysis_type": "business_model",
        "current_price": 313.0
      },
      "industry_analysis": {
        "method": "Enhanced Industry Analysis",
        "applicable": true,
        "sector": "Communication Services",
        "industry": "Internet Content & Information",
        "recommendation": "Buy",
        "confidence": "High",
        "predicted_price": null,
        "industry_outlook": "Very Positive",
        "competitive_position": "Market Leader",
        "market_catalysts": [
          "**1. Increased Focus on Data Protection (Regulatory/Policy, 2020-2025)**",
          "**2. Growing Importance of Online Safety (Regulatory/Policy, 2020-2025)**",
          "**3. Implementation of e-Commerce Regulations in India (Regulatory/Policy, 2020)**",
          "**4. Advancements in AI and Machine Learning (Technology/Innovation, 2020-2025)**",
          "**5. Growing Demand for Online Education and Learning (Market/Economic, 2020-2025)**",
          "**6. Increasing Adoption of Voice Assistants (Market/Economic, 2020-2025)**",
          "**7. Growing Importance of ESG and Sustainability (ESG/Sustainability, 2020-2025)**"
        ],
        "porters_five_forces": {
          "supplier_power": {
            "level": "Low",
            "score": 2,
            "detailed_assessment": "The Internet Content & Information industry has a low supplier power due to the abundance of content creators, writers, and developers. This abundance leads to a competitive market where suppliers can easily switch between clients, reducing their bargaining power.",
            "key_factors": [
              "Abundance of content creators and writers in the industry, making it easy for GOOGL to find alternative suppliers.",
              "Low switching costs for suppliers, as they can easily move to other platforms or companies."
            ],
            "impact_on_company": "GOOGL's low supplier power allows it to negotiate favorable terms and prices for content and services, contributing to its high profit margins.",
            "future_trends": "The rise of AI-generated content and automation may increase supplier power in the long term, but for now, the abundance of human content creators remains a key factor."
          },
          "buyer_power": {
            "level": "High",
            "score": 8,
            "detailed_assessment": "The Internet Content & Information industry has a high buyer power due to the large number of consumers and the ease of switching between platforms. This high buyer power is driven by factors such as price sensitivity, availability of alternatives, and the ability to easily switch between services.",
            "key_factors": [
              "High price sensitivity among consumers, who can easily switch to alternative platforms or services.",
              "Availability of numerous alternatives, including social media platforms, search engines, and other online services."
            ],
            "impact_on_company": "GOOGL's high buyer power forces it to maintain high-quality services, competitive pricing, and innovative features to retain customers and attract new ones.",
            "future_trends": "The increasing importance of online services and the rise of emerging technologies like voice assistants and augmented reality may further increase buyer power in the industry."
          },
          "competitive_rivalry": {
            "level": "High",
            "score": 9,
            "detailed_assessment": "The Internet Content & Information industry has a high competitive rivalry due to the presence of numerous players, including social media platforms, search engines, and online services. This high competitive rivalry is driven by factors such as market growth, differentiation, and rivalry dynamics.",
            "key_factors": [
              "High market growth, driven by increasing internet penetration and the rise of emerging technologies.",
              "Differentiation through innovative features, user experience, and content offerings, which attracts and retains customers."
            ],
            "impact_on_company": "GOOGL's high competitive rivalry forces it to continuously innovate, improve its services, and invest in marketing and user acquisition to maintain its market share and profitability.",
            "future_trends": "The rise of emerging technologies like AI, blockchain, and the Internet of Things (IoT) may lead to new opportunities for differentiation and growth in the industry."
          },
          "threat_of_substitutes": {
            "level": "Medium",
            "score": 5,
            "detailed_assessment": "The Internet Content & Information industry has a medium threat of substitutes due to the presence of alternative platforms and services. However, the threat of substitutes is not as high as in other industries, as the unique features and user experiences offered by GOOGL and other players make it difficult for substitutes to replicate.",
            "key_factors": [
              "Availability of alternative platforms and services, including social media, search engines, and online services.",
              "Difficulty in replicating the unique features and user experiences offered by GOOGL and other players."
            ],
            "impact_on_company": "GOOGL's medium threat of substitutes requires it to maintain a strong focus on innovation, user experience, and content offerings to prevent substitutes from gaining traction.",
            "future_trends": "The rise of emerging technologies like voice assistants and augmented reality may lead to new substitutes and opportunities for differentiation in the industry."
          },
          "barriers_to_entry": {
            "level": "Medium",
            "score": 4,
            "detailed_assessment": "The Internet Content & Information industry has a medium barrier to entry due to the presence of established players and the need for significant investment in infrastructure, content, and marketing. However, the industry's high growth rate and the abundance of content creators and developers make it relatively accessible to new entrants.",
            "key_factors": [
              "Established players with significant market share and brand recognition.",
              "Need for significant investment in infrastructure, content, and marketing to compete with established players."
            ],
            "impact_on_company": "GOOGL's medium barrier to entry requires it to maintain a strong focus on innovation, user experience, and content offerings to prevent new entrants from gaining traction.",
            "future_trends": "The rise of emerging technologies like AI and blockchain may lead to new opportunities for differentiation and growth in the industry, but also increase the barriers to entry for new players."
          },
          "overall_attractiveness": "Medium",
          "industry_profitability_outlook": "Stable",
          "strategic_implications": "Based on the Porter's Five Forces analysis, GOOGL should focus on maintaining its strong position in the industry by continuously innovating, improving its services, and investing in marketing and user acquisition. The company should also prioritize content offerings, user experience, and differentiation to prevent substitutes and new entrants from gaining traction. Additionally, GOOGL should explore opportunities for growth and differentiation through emerging technologies like AI, blockchain, and the Internet of Things (IoT)."
        },
        "regulatory_risk": "Very High",
        "esg_score": 5.67,
        "market_size_estimate": "Large",
        "industry_growth_rate": 0.159,
        "industry_insights": {
          "outlook": "Very Positive",
          "outlook_reasoning": "The Internet Content & Information sector is experiencing a surge in growth, driven by increasing demand for digital services, cloud computing, and e-commerce.",
          "growth_drivers": [
            {
              "driver": "Digital Transformation",
              "explanation": "As more companies adopt digital technologies, the demand for Internet Content & Information services is increasing.",
              "timeline": "Next 2-3 years",
              "magnitude": "High"
            },
            {
              "driver": "Cloud Computing",
              "explanation": "Cloud computing is driving the growth of Internet Content & Information services, as companies move their operations to the cloud.",
              "timeline": "Next 2-3 years",
              "magnitude": "High"
            },
            {
              "driver": "E-commerce",
              "explanation": "E-commerce is driving the growth of Internet Content & Information services, as more consumers shop online.",
              "timeline": "Next 2-3 years",
              "magnitude": "High"
            }
          ],
          "headwinds": [
            {
              "headwind": "Regulatory Challenges",
              "explanation": "Regulatory challenges are affecting the Internet Content & Information sector, as companies must comply with data protection laws and regulations.",
              "severity": "High",
              "mitigation": "Investing in data protection and compliance initiatives"
            },
            {
              "headwind": "Cybersecurity Threats",
              "explanation": "Cybersecurity threats are affecting the Internet Content & Information sector, as companies must protect their customers' data.",
              "severity": "High",
              "mitigation": "Investing in cybersecurity measures and data protection initiatives"
            }
          ],
          "market_size": "Large",
          "market_analysis": "The Internet Content & Information sector is a large and growing market, with a significant addressable market and high growth potential.",
          "maturity": "Growth",
          "maturity_reasoning": "The Internet Content & Information sector is in the growth stage, with many companies investing in growth initiatives and expanding their operations.",
          "cyclicality": "Medium",
          "cyclicality_analysis": "The Internet Content & Information sector is moderately cyclical, with some fluctuations in demand and revenue.",
          "technology_disruption": "High",
          "technology_analysis": "The Internet Content & Information sector is highly impacted by technological disruption and innovation, with rapid technological advancements and adoption of new technologies.",
          "supply_demand_balance": "Balanced",
          "supply_demand_reasoning": "The Internet Content & Information sector has a balanced supply and demand, with many companies competing for market share and customers.",
          "pricing_power": "Moderate",
          "pricing_analysis": "The Internet Content & Information sector has moderate pricing power, with companies competing on price and quality.",
          "capital_intensity": "Medium",
          "capital_analysis": "The Internet Content & Information sector has medium capital intensity, with companies investing in growth initiatives and expanding their operations.",
          "innovation_pace": "Rapid",
          "innovation_analysis": "The Internet Content & Information sector has a rapid innovation pace, with many companies investing in research and development and adopting new technologies.",
          "globalization_impact": "High",
          "globalization_analysis": "The Internet Content & Information sector is highly impacted by globalization, with many companies operating globally and competing for market share.",
          "strategic_implications": "Companies in the Internet Content & Information sector should invest in growth initiatives, expand their operations, and adopt new technologies to remain competitive."
        },
        "competitive_analysis": {
          "position": "Market Leader",
          "market_share_estimate": "High",
          "competitive_advantages": [
            "Strong network effects and ecosystem lock-in",
            "Scalable platform with high revenue growth (15.9%)",
            "Large market capitalization ($3,791,094,022,144) indicating financial stability and resources for innovation"
          ],
          "competitive_disadvantages": [
            "High market capitalization may lead to increased regulatory scrutiny and antitrust concerns",
            "Dependence on advertising revenue may lead to fluctuations in revenue"
          ],
          "differentiation_strategy": "Hybrid (Cost Leadership and Differentiation)",
          "moat_strength": "Strong",
          "scalability_assessment": "High",
          "innovation_position": "Leading",
          "brand_recognition": "Strong",
          "customer_loyalty": "High",
          "switching_costs": "High",
          "network_effects": "Strong"
        },
        "regulatory_analysis": {
          "risk_level": "Very High",
          "score": 9,
          "detailed_assessment": "The regulatory environment for Internet Content & Information is highly complex and rapidly evolving.",
          "key_regulations": [
            {
              "regulation": "GDPR (EU)",
              "impact": "Requires companies to obtain explicit consent from users for data processing, implement data protection by design, and appoint a Data Protection Officer (DPO).",
              "compliance_cost": "High",
              "timeline": "Implementation timeline: 2018"
            },
            {
              "regulation": "CCPA (US)",
              "impact": "Requires companies to provide users with the right to opt-out of data sales, implement data minimization, and provide transparency in data collection and processing.",
              "compliance_cost": "High",
              "timeline": "Implementation timeline: 2020"
            },
            {
              "regulation": "e-Commerce Regulations (India)",
              "impact": "Requires companies to obtain necessary licenses, implement data localization, and provide transparency in data collection and processing.",
              "compliance_cost": "Medium",
              "timeline": "Implementation timeline: 2020"
            },
            {
              "regulation": "COPPA (US)",
              "impact": "Requires companies to obtain parental consent for data collection from children under 13, implement data minimization, and provide transparency in data collection and processing.",
              "compliance_cost": "High",
              "timeline": "Implementation timeline: 2000"
            }
          ],
          "regulatory_trends": [
            {
              "trend": "Increased Focus on Data Protection",
              "reasoning": "The increasing focus on data protection has led to a surge in regulations and guidelines.",
              "impact_on_industry": "The regulation requires companies to invest in data protection by design, implement data minimization, and provide transparency in data collection and processing.",
              "timeline": "Expected timeline for trend development: 2020-2025"
            },
            {
              "trend": "Growing Importance of Online Safety",
              "reasoning": "The growing importance of online safety has led to a surge in regulations and guidelines.",
              "impact_on_industry": "The regulation requires companies to implement measures to prevent online harassment, cyberbullying, and hate speech.",
              "timeline": "Expected timeline for trend development: 2020-2025"
            },
            {
              "trend": "Emergence of Digital Rights",
              "reasoning": "The emergence of digital rights has led to a surge in regulations and guidelines.",
              "impact_on_industry": "The regulation requires companies to provide users with the right to access, correct, and delete their personal data.",
              "timeline": "Expected timeline for trend development: 2020-2025"
            }
          ],
          "compliance_burden": "High",
          "compliance_analysis": "The compliance burden for GOOGL's Internet Content & Information services is high due to the complexity of regulations and the need for significant investments in infrastructure, processes, and personnel.",
          "policy_risks": [
            {
              "risk": "Non-Compliance with Regulations",
              "probability": "High",
              "impact": "The risk of non-compliance with regulations is high due to the complexity of regulations and the need for significant investments in infrastructure, processes, and personnel.",
              "mitigation": "GOOGL needs to invest in data protection by design, implement data minimization, and provide transparency in data collection and processing to mitigate the risk of non-compliance."
            }
          ],
          "regulatory_opportunities": [
            {
              "opportunity": "Investment in Data Protection by Design",
              "reasoning": "Investing in data protection by design can help GOOGL to mitigate the risk of non-compliance and maintain its competitive edge.",
              "timeline": "Expected timeline for opportunity development: 2020-2025",
              "requirements": "GOOGL needs to invest in data protection by design, implement data minimization, and provide transparency in data collection and processing to capitalize on this opportunity."
            }
          ],
          "upcoming_changes": [
            {
              "change": "Implementation of e-Commerce Regulations in India",
              "timeline": "Implementation timeline: 2020",
              "impact_analysis": "The implementation of e-Commerce Regulations in India will require GOOGL to obtain necessary licenses, implement data localization, and provide transparency in data collection and processing.",
              "preparation_needed": "GOOGL needs to prepare for the implementation of e-Commerce Regulations in India by investing in necessary licenses, data localization, and transparency in data collection and processing."
            }
          ],
          "strategic_implications": "The regulatory environment for Internet Content & Information has a significant impact on GOOGL's competitive positioning. The company needs to invest in data protection by design, implement data minimization, and provide transparency in data collection and processing to maintain its competitive edge."
        },
        "esg_analysis": {
          "environmental_score": 6,
          "social_score": 7,
          "governance_score": 4,
          "overall_score": 5.67,
          "esg_risks": [
            "Cybersecurity risks due to increasing online presence",
            "Data center energy consumption and e-waste generation"
          ],
          "esg_opportunities": [
            "Investing in renewable energy sources for data centers",
            "Developing more sustainable and energy-efficient products"
          ],
          "sustainability_trends": [
            "Growing demand for digital services and online content",
            "Increasing focus on digital literacy and online safety"
          ],
          "stakeholder_concerns": [
            "Concerns about data privacy and protection",
            "Pressure to improve diversity and inclusion in the workforce"
          ]
        },
        "market_analysis": {
          "market_size": "Large",
          "estimated_market_value": 7709520035840.0,
          "growth_rate": 0.159,
          "market_maturity": "Growth",
          "concentration": "Medium",
          "geographic_scope": "Global"
        },
        "peer_benchmarks": {
          "avg_revenue_growth": 0.08,
          "avg_profit_margin": 0.12,
          "avg_roe": 0.15,
          "estimated_peers": 15
        },
        "key_risks": [
          "Regulatory scrutiny",
          "Technology disruption",
          "Content costs",
          {
            "risk": "Non-Compliance with Regulations",
            "probability": "High",
            "impact": "The risk of non-compliance with regulations is high due to the complexity of regulations and the need for significant investments in infrastructure, processes, and personnel.",
            "mitigation": "GOOGL needs to invest in data protection by design, implement data minimization, and provide transparency in data collection and processing to mitigate the risk of non-compliance."
          },
          "Cybersecurity risks due to increasing online presence",
          "Data center energy consumption and e-waste generation"
        ],
        "analysis_type": "industry_analysis",
        "current_price": 313.0
      }
    },
    "final_recommendation": "Recommendation(ticker='GOOGL', recommendation=<RecommendationType.BUY: 'Buy'>, confidence='Medium', target_price=np.float64(314.5995839457148), upside_potential=np.float64(0.5110491839344448), risk_level='Low', bullish_signals=['Technical: Strong Uptrend', 'COMPETITIVE_POSITION indicates Strong Buy', 'ANALYST_CONSENSUS indicates Strong Buy', 'AI_INSIGHTS indicates Strong Buy', 'BUSINESS_MODEL indicates Strong Buy', 'INDUSTRY_ANALYSIS indicates Buy'], bearish_signals=['TECHNICAL indicates Sell', 'COMPARABLE indicates Sell'], key_risks=[], summary='Consensus: Buy | Confidence: Medium | Analyses: 10 | TECHNICAL: Sell | COMPETITIVE_POSITION: Strong Buy | COMPARABLE: Sell | MANAGEMENT_QUALITY: Hold | ANALYST_CONSENSUS: Strong Buy | DCF: Hold | NEWS_SENTIMENT: Hold | AI_INSIGHTS: Strong Buy | BUSINESS_MODEL: Strong Buy | INDUSTRY_ANALYSIS: Buy')",
    "analyst_comparison": {
      "comparisons": [
        "ComparisonResult(ticker='GOOGL', method='technical', our_price=np.float64(282.56549890762335), analyst_target=330.2437, current_price=313.0, our_upside=np.float64(-9.72348277711714), analyst_upside=5.50916932907348, deviation_score=np.float64(15.232652106190619), alignment='Divergent', both_bullish=np.False_, both_bearish=False, analyst_count=54)",
        "ComparisonResult(ticker='GOOGL', method='comparable', our_price=275.0264649130285, analyst_target=330.2437, current_price=313.0, our_upside=-12.132119836093125, analyst_upside=5.50916932907348, deviation_score=17.641289165166604, alignment='Divergent', both_bullish=False, both_bearish=False, analyst_count=54)",
        "ComparisonResult(ticker='GOOGL', method='analyst_consensus', our_price=330.2437, analyst_target=330.2437, current_price=313.0, our_upside=5.50916932907348, analyst_upside=5.50916932907348, deviation_score=0.0, alignment='Precise_Aligned', both_bullish=True, both_bearish=False, analyst_count=54)",
        "ComparisonResult(ticker='GOOGL', method='dcf', our_price=np.float64(303.84416450786244), analyst_target=330.2437, current_price=313.0, our_upside=np.float64(-2.9251870581909123), analyst_upside=5.50916932907348, deviation_score=np.float64(8.434356387264392), alignment='Divergent', both_bullish=np.False_, both_bearish=np.False_, analyst_count=54)",
        "ComparisonResult(ticker='GOOGL', method='ai_insights', our_price=391.25, analyst_target=330.2437, current_price=313.0, our_upside=25.0, analyst_upside=5.50916932907348, deviation_score=19.49083067092652, alignment='Directional_Aligned', both_bullish=True, both_bearish=False, analyst_count=54)"
      ],
      "summary": {
        "comparable": {
          "total_comparisons": 1,
          "aligned_count": 0,
          "bullish_convergent": 0,
          "alignment_rate": 0.0,
          "avg_deviation": 17.641289165166604
        },
        "analyst_consensus": {
          "total_comparisons": 1,
          "aligned_count": 1,
          "bullish_convergent": 1,
          "alignment_rate": 100.0,
          "avg_deviation": 0.0
        },
        "dcf": {
          "total_comparisons": 1,
          "aligned_count": 0,
          "bullish_convergent": 0,
          "alignment_rate": 0.0,
          "avg_deviation": 8.434356387264392
        },
        "technical": {
          "total_comparisons": 1,
          "aligned_count": 0,
          "bullish_convergent": 0,
          "alignment_rate": 0.0,
          "avg_deviation": 15.232652106190619
        },
        "ai_insights": {
          "total_comparisons": 1,
          "aligned_count": 1,
          "bullish_convergent": 1,
          "alignment_rate": 100.0,
          "avg_deviation": 19.49083067092652
        }
      }
    },
    "execution_time_seconds": 49.95,
    "analyses_count": 10
  }
}